2930 4758
428 250 520 317 M·
911 280 920 289 ·
1150 313 1154 317 ,
1439 255 1621 306 vrrA
1742 266 1747 271 ·

431 405 808 491 Campania
861 402 1150 469 Caesar-‘is
1197 400 1479 481 militesn-
1520 418 1709 487 quos
1748 402 1827 466 in·
1870 398 2176 467 Africam
2230 400 2637 484 praemittere

429 513 770 585 statuerat,
795 504 1184 571 seditionem
1211 504 1676 582 concitassent,
1708 523 1789 568 ac
1822 502 2185 567 Sallustius
2210 504 2461 585 praetor
2489 499 2637 565 lto-

430 632 608 679 mam
637 608 1074 685 contenderet,
1103 625 1240 690 quo
1271 604 1609 671 Gaesarem
1632 604 1838 689 hujus
1854 605 1951 668 rei
1992 602 2236 667 faceret
2264 603 2634 680 certiorem,

429 710 906 798 propemodum
929 708 1124 773 fuerit
1149 700 1418 771 occisus
1449 728 1493 771 a
1522 708 1971 791 compluribus
2000 706 2305 783 militum,
2326 704 2450 788 -qui
2478 724 2637 768 eum

429 815 958 898 insequebantur,
1002 829 1126 874 nec
1181 811 1494 892 cuiquam
1538 810 2167 894 parcebant,=immo
2218 808 2384 872 duos
2428 807 2646 871 etiam.

431 922 764 997 senatores
810 914 1200 979 occiderant.
1273 911 1499 995 Apud
1526 912 1800 977 eundem
1826 912 1941 975 lib.
1974 926 2108 975 xm
2122 926 2206 976 ιι.
2229 910 2527 987 refertur,
2557 912 2639 972 ut

433 1018 667 1085 Caesar
712 1017 1056 1086 Numidiae
1087 1016 1460 1099 praefecerit
1490 1015 1913 1095 Sallustium3
1957 1015 2079 1079 ille·
2100 1020 2324 1079 autem
2342 1012 2637 1096 --proviffl

431 1122 606 1186 riam
631 1121 1059 1205 expilaverit:
1105 1138 1186 1183 ac
1216 1139 1260 1183 a
1289 1119 1561 1184 Caesare
1591 1118 1859 1202 quidem
1888 1118 2081 1183 fuerit
2107 1117 2483 1198 absolutus3
2514 1112 2651 1178 sed-

429 1226 771 1302 infamiam
797 1243 930 1288 non
959 1221 1281 1305 effugerit.;
1329 1223 1509 1308 quod
1536 1225 1653 1307 qui
1696 1224 1770 1289 in
1812 1221 2121 1286 Historia
2150 1220 2427 1287 acerbus
2464 1220 2646 1281 esset

432 1329 790 1393 alienorum
818 1328 1135 1391 vitiorum
1183 1327 1567 1409 castigator,
1596 1327 1871 1411 turpiter
1910 1326 2057 1408 ipse
2104 1324 2173 1386 in
2213 1324 2337 1388 hoc
2364 1336 2639 1386 munere

432 1451 506 1507 δῷ·
554 1430 867 1496 dedisset.
955 1429 1064 1499 Ex
1108 1432 1235 1496 hac
1273 1436 1493 1496 autem
1544 1430 1781 1515 praeda
1826 1426 2192 1494 Numidica
2234 1426 2334 1489 ita
2383 1423 2637 1487 ditatus

428 1532 580 1610 suit,
606 1533 778 1596 utin
811 1530 1141 1610 Quirinali
1185 1538 1409 1597 monte
1446 1532 1662 1597 forum
1690 1536 1953 1608 emeret,
1984 1529 2167 1614 quod
2197 1522 2489 1590 Sallustii
2520 1542 2639 1588 vo-

431 1641 638 1713 catur,
667 1636 786 1699 ubi
833 1654 1008 1699 nunc
1057 1636 1235 1702 aedes
1286 1634 1358 1699 S.
1389 1634 1745 1699 Susannae:
1790 1632 1949 1696 item
1986 1632 2237 1709 hortos,
2268 1629 2382 1713 qui
2411 1625 2661 1705 hodie--

431 1751 560 1819 que
614 1734 987 1799 Sallustiani
1030 1738 1478 1801 nominantur.
1570 1734 1749 1798 Haec
1804 1732 2174 1809 ostendunt,
2226 1732 2433 1793 vitam
2484 1727 2639 1812 ejus

427 1836 688 1902 laudari
734 1858 782 1901 a
829 1838 1088 1901 nemine
1117 1856 1343 1919 posse.
1433 1832 1698 1918 Nempe
1726 1836 1939 1899 omnis
1969 1834 2117 1919 ejus
2161 1834 2369 1915 gloria
2395 1851 2439 1895 a
2462 1848 2643 1915 prae-

419 1939 630 2022 ‚claris
658 1939 926 2022 scriptis
949 1939 1402 2023 proficiscitur.
1494 1938 1628 2003 Sed
1652 1939 1773 2002 vix
1814 1939 1960 2023 ejus
2005 1938 2364 2020 quicquam
2391 1936 2643 2016 integre

432 2040 520 2106 ad
567 2060 698 2105 nos
738 2042 1058 2124 pervenit,
1109 2046 1350 2124 praeter
1393 2041 1641 2105 bellum
1684 2039 2177 2121 Iugurthinum,
2222 2042 2289 2101 et
2318 2036 2645 2101 Catilina*-

432 2144 652 2208 rium..
713 2144 826 2207 Ita
865 2144 1066 2225 vulgo
1110 2144 1575 2213 inscribuntur.
1668 2143 1804 2207 Sed
1850 2142 2209 2227 posterior·
2232 2140 2511 2223 genuina
2536 2140 2642 2205 in·-

431 2245 728 2327 scriptio,
757 2262 854 2309 DE
885 2258 1471 2312 coNJURA'moNE
1502 2245 2047 2311 CA'r1mNAmA.
2131 2243 2359 2306 Testis·
2382 2242 2641 2307 Sallus-

431 2346 564 2411 tius
589 2346 748 2429 ipse
767 2346 1158 2413 his-verbim·
1201 2350 1223 2379 ‘
1244 2345 1451 2430 Igitur
1482 2345 1899 2412 ‹le-Catilinae
1928 2346 2407 2431 conjuratione,
2436 2362 2655 2428 quam·

427 2448 768 2513 verissime
793 2455 1048 2532 potere,
1071 2451 1309 2532 paucis
1333 2448 1727 2513 absolvam.’
1812 2448 1909 2514 At
1936 2467 2024 2512 ex
2052 2449 2260 2512 nobili
2274 2447 2643 2522 ⁴·Historia-

429 2569 572 2614 rum
601 2570 822 2634 opere,
853 2571 986 2635 quo
1034 2552 1333 2634 inprimis
1380 2551 1679 2616 historici
1715 2553 2044 2635 principis
2092 2570 2332 2614 nomen
2379 2550 2642 2628 meruit,

429 2652 596 2716 nihil.
615 2654 938 2716 habemus
965 2661 1208 2735 praeter
1253 2658 1543 2737 quatuor
1583 2655 2059 2732 oratiunculas,
2096 2653 2425 2736 epistolas
2442 2651 2639 2728 duas,

431 2759 500 2818 et
524 2751 749 2818 lacera
779 2755 1034 2837 aliquot
1059 2753 1447 2836 fragmenta,
1490 2775 1645 2836 quae
1692 2773 1779 2818 ex
1810 2755 2278 2819 Grammaticis
2326 2753 2643 2836 antiquis,

431 2859 636 2937 atque
667 2855 820 2919 aliis
849 2856 1304 2939 scriptoribus,
1331 2857 1614 2920 collecta
1643 2862 1813 2921 sunt.
1905 2857 2081 2920 Duae
2110 2875 2269 2921 vero
2300 2855 2389 2918 ad
2414 2849 2657 2921 Gaesa-r‘

431 2975 570 3020 rem
620 2958 970 3033 orationeS,
1011 2961 1086 3021 ut
1127 2963 1392 3034 vocant,
1440 2956 1525 3020 de
1572 2957 1951 3040 Republica
1998 2958 2380 3035 ordinanda,
2422 2961 2641 3020 utrum

433 3057 731 3122 Sallustii
777 3059 928 3136 sint,
993 3078 1126 3122 non
1175 3060 1487 3124 convenit
1543 3061 1705 3124 inter
1759 3061 2076 3126 eruditos,
2197 3059 2433 3124 Carrio
2490 3058 2642 3126 Sai-

430 3158 634 3224 lustio
680 3160 1044 3244 abjudicat:
1091 3166 1156 3224 et
1203 3181 1326 3244 pro
1370 3163 1489 3226 illo
1540 3169 1661 3240 est,
1706 3164 1887 3246 quod
1934 3171 2227 3229 veterum
2274 3183 2487 3241 nemo,
2519 3163 2643 3246 qui

431 3265 772 3344 tantopere
801 3263 1088 3343 gaudent
1137 3263 1525 3328 Sallustium
1556 3263 1644 3328 ad
1680 3275 1906 3348 partes
1947 3263 2301 3342 advocare,
2332 3265 2488 3328 inde
2516 3265 2644 3328 ali-

433 3363 595 3446 quid
641 3363 1002 3446 depromat.
1110 3365 1438 3430 Dissentit
1488 3373 1710 3431 autem
1762 3367 2018 3445 Douza,
2068 3369 2176 3430 cui
2224 3368 2445 3430 favent
2476 3367 2644 3432 libri

429 3451 586 3528 vett.
615 3470 687 3529 ct
723 3465 936 3529 dictio
984 3468 1157 3550 ipsa,
1203 3487 1380 3551 quae,
1424 3469 1741 3551 quicquid
1770 3468 1949 3532 dicat
1979 3468 2238 3546 Carrio,
2267 3469 2465 3552 plane
2494 3467 2644 3533 Sal-

429 3565 700 3630 lustium
747 3567 1016 3633 redolet.
1105 3568 1226 3632 Sin
1273 3571 1573 3650 genuinae
1618 3589 1750 3634 non
1798 3572 1953 3648 sint,
1996 3572 2226 3652 negari
2264 3578 2483 3635 tamen
2508 3589 2648 3636 nort

431 3657 666 3750 possit,
697 3667 893 3730 valde
922 3687 1072 3732 esse
1098 3669 1430 3751 antiquaS‚
1461 3675 1526 3732 et
1554 3672 1817 3754 quidem
1846 3671 1891 3736 J
1896 3672 2122 3749 uliani,
2156 3677 2267 3736 aut
2293 3670 2644 3754 Augustaei

433 3769 594 3832 aevi:
641 3769 874 3832 saltem
900 3789 1034 3834 non
1061 3771 1232 3834 infra
1262 3770 1673 3836 Flavianum.
1766 3774 1902 3840 Sed
1942 3775 2260 3854 genuinas
2289 3793 2437 3838 esse
2464 3775 2657 3839 arbi--

432 3875 590 3947 tror,
620 3889 754 3933 non
782 3875 994 3934 tamen
1042 3877 1117 3936 ut
1160 3874 1498 3940 orationes
1526 3895 1673 3940 esse
1700 3881 1945 3960 putem,
1975 3877 2094 3941 sed
2122 3877 2443 3959 epistolas
2472 3875 2663 3940 dun-·

431 3975 638 4036 taxat.
727 3969 799 4036 N
801 3991 912 4038 am
953 3976 1334 4056 posterioris
1383 3982 1615 4041 auctor
1657 3979 1764 4042 bis
1808 3980 1925 4056 ait,
1964 3999 2037 4042 se
2060 3979 2179 4044 illa
2206 3979 2522 4058 scribere,
2554 3996 2645 4043 ac

431 4071 726 4138 disertim
753 4075 982 4142 literas
1021 4075 1340 4174 appellat.
1432 4078 1773 4164 Planeque
1822 4081 2177 4146 verisimile
2221 4086 2344 4160 est,
2388 4082 2640 4146 missas
