2930 4758
2375 264 2516 333 ala

296 430 611 513 Namque
634 426 965 494 Romanis
984 447 1137 493 cum
1160 428 1569 505 nationibuS,
1600 427 1893 512 populis,
1920 428 2188 509 regibus
2219 430 2504 507 cuncfiS,

295 552 431 597 una
458 538 528 597 et
552 552 640 596 ea
661 538 856 595 vetus
887 550 1097 596 causa
1123 530 1409 594 bellandi
1440 536 1564 606 est,
1596 528 1840 611 cupido
1870 530 2196 613 profunda
2221 531 2505 612 imperii,

300 640 371 699 et
394 633 815 699 divitiarum:
864 652 999 715 qua
1021 632 1307 715 primum
1350 650 1504 695 cum
1531 648 1678 711 rege
1713 630 2154 695 Macedonum
2185 630 2506 714 Philippo

300 734 547 799 bellum
596 753 910 799 sumsere.
1000 734 1182 797 Dum
1234 752 1277 796 a
1325 730 1982 812 Carthaginiensibus
2030 734 2512 813 premebantur,

300 836 659 901 amicitiam
706 836 1067 899 similantes
1112 835 1177 897 ei
1222 834 1714 898 subvenientem
1756 829 2152 897 Antiochum
2183 834 2515 898 concessi-

302 924 429 1004 one
457 937 645 1002 Asiae
678 957 795 1020 per
846 937 1070 1000 dolum
1119 941 1452 1013 avertere3
1521 954 1604 999 ac
1649 953 1835 1011 mort,
1887 940 2102 999 tracto
2152 923 2517 1018 Philippo,¹

302 1037 681 1105 Antiochus
706 1039 885 1101 omni
913 1037 1013 1101 cis
1039 1036 1337 1101 Taurum
1368 1053 1528 1116 agro
1577 1039 1643 1098 et
1692 1031 1948 1099 decem*
1991 1035 2282 1100 millibus
2311 1036 2517 1102 talen·

302 1146 519 1218 torum
566 1140 891 1223 spoliatus
934 1143 1054 1203 est.
1162 1138 1407 1201 Persen
1452 1135 1690 1200 deinde
1736 1137 2032 1220 Philippi
2081 1138 2311 1215 filium,
2360 1143 2519 1221 post

300 1241 511 1305 multa
536 1249 599 1304 et
626 1241 817 1304 varia
835 1238 1213 1316 certamina,
1236 1238 1413 1321 apud
1433 1235 1918 1303 Samothracas¹
1950 1239 2134 1303 Deos
2163 1246 2509 1323 acceptum

304 1341 377 1405 in
421 1342 641 1420 fidem,
685 1341 932 1420 callidi,
974 1347 1041 1407 et
1085 1348 1461 1425 repertores
1507 1340 1825 1423 perfidiae,
1875 1342 2034 1424 quia
2064 1349 2263 1425 pacto
2309 1343 2518 1407 vitam

304 1439 644 1520 dederant,
665 1444 1049 1507 insomniism
1074 1440 1400 1507 occidere.
1494 1440 1904 1518 Eumenem,¹¹
1929 1440 2124 1524 cujus
2155 1442 2518 1507 amicitiam

304 1541 587 1625 gloriose
616 1547 964 1619 ostentant,
993 1543 1185 1607 initio
1234 1540 1586 1625 prodidere
1633 1539 1987 1618 Antioche,
2036 1544 2232 1623 pacis
2272 1562 2522 1607 merce-

304 1644 493 1725 dem3
554 1648 711 1727 post
739 1643 1066 1710 Attalum⁰
1095 1644 1439 1709 custodem
1460 1646 1601 1725 agri
1624 1644 1882 1726 captivi
1910 1646 2239 1709 sumtibus
2267 1653 2334 1712 et
2363 1665 2518 1710 con-

302 1746 589 1809 tumeliis
616 1765 705 1809 ex
725 1764 877 1826 rege
903 1746 1337 1809 miserrimum
1364 1763 1708 1809 servorum
1738 1744 2008 1811 effecere
2031 1767 2049 1811 ε
2095 1748 2514 1831 similatoque

303 1846 517 1933 impio
564 1852 983 1924 testamento,
1032 1846 1267 1910 filium?
1309 1844 1457 1928 ejus
1499 1845 1975 1926 Aristonicum,
2007 1848 2171 1931 quia
2220 1849 2506 1931 patrium

304 1967 579 2031 regnum
626 1932 972 2031 petiverat,
1021 1947 1314 2012 hostium
1368 1968 1574 2027 more,
1619 1968 1741 2032 per
1787 1949 2190 2033 triumphum
2237 1951 2514 2016 duxere.

307 2046 482 2113 Asia
510 2052 593 2113 ab
622 2050 790 2133 ipsis
821 2050 1099 2113 obsessa
1148 2054 1283 2116 est:
1346 2055 1683 2134 postremo
1720 2054 1927 2115 totam
1956 2052 2358 2136 Bithyniam,
2393 2050 2523 2115 Ni-

309 2150 607 2225 ,comedeq
626 2156 908 2226 mortuo,
933 2149 1299 2232 diripuere;
1346 2170 1502 2214 cum
1529 2150 1706 2214 filius
1738 2150 1804 2215 N
1808 2172 1957 2232 usa,
1989 2172 2192 2235 quam
2219 2152 2518 2234 reginam

312 2252 830 2334 appellaverant,
883 2241 1142 2333 genitus
1178 2250 1360 2316 haud
1412 2252 1612 2319 dubie
1659 2257 1852 2317 esset.
1964 2252 2141 2317 Nam
2195 2253 2354 2335 quid
2397 2273 2524 2335 ego

311 2372 421 2417 me
452 2353 827 2438 appellem?
894 2372 1091 2437 quem
1130 2348 1535 2438 disjunctum
1580 2344 1872 2437 rmdiq'ue
1922 2355 2140 2436 regnis
2173 2348 2256 2420 ‘et
2293 2358 2523 2420 tetrar-

317 2453 511 2518 chiisr
554 2455 640 2520 ab
689 2455 969 2538 imperio
1015 2474 1261 2532 eorum,
1316 2456 1480 2536 quia
1525 2454 1709 2519 fama
1757 2459 1918 2533 erat,
1966 2453 2262 2532 divitem,
2311 2473 2527 2542 neque

992 281 1482 344 FRAGMENTA,
1527 281 1673 331 mn.
1704 281 1806 329 ιν.

1307 2670 1520 2722 NOTAE

328 2843 335 2850 ·
383 2831 399 2866 ¹
424 2833 596 2883 Turdo
621 2834 869 2899 Philippo]
891 2835 1061 2900 Vulgo
1074 2851 1105 2886 a
1128 2835 1379 2900 Philippo:

1461 2835 1728 2898 defendere,
1747 2849 1882 2899 quem
1901 2848 1986 2886 nec
2005 2832 2285 2898 montanai,
2297 2846 2379 2883 nee
2395 2845 2530 2882 am

321 2909 414 2958 ned
436 2923 563 2958 eave
586 2909 661 2960 ita
678 2911 951 2974 intelligas,
981 2912 1127 2976 quasi
1151 2911 1384 2962 anniten-
1457 2911 1737 2975 potuissent.

320 2986 457 3037 tibus
480 2987 744 3052 Romanis,
767 2988 1081 3039 Antiochum
1110 2991 1383 3055 Phnippus

322 3063 653 3126 spoliaverit3
688 3079 805 3114 nam
829 3066 941 3118 haec
962 3067 1128 3115 oratio
1146 3068 1387 3132 ambigua

321 3144 439 3188 est:
497 3152 677 3188 verum
716 3140 771 3188 id
808 3149 953 3204 puta,
992 3141 1127 3206 quod
1170 3141 1389 3194 historia

322 3218 563 3275 testatur,
582 3213 895 3266 Antiochum
930 3221 1049 3279 post
1085 3217 1388 3280 Philippum

272 3339 280 3346 ,
323 3304 356 3339 a
388 3289 631 3338 Romanis
671 3289 1004 3353 debellatum,
1047 3293 1195 3357 regni
1238 3301 1389 3358 parte

320 3363 479 3414 etiam
503 3366 773 3415 multatum
793 3366 967 3416 fnisse.

388 3436 415 3472 ¹¹
435 3439 635 3503 Decem]
674 3436 850 3491 Livius
874 3449 929 3492 et
951 3441 1223 3507 Appianas
1246 3443 1389 3510 quin·

249 3529 257 3539 ·
324 3513 494 3564 decim
517 3514 719 3565 dicunt.

274 3641 284 3650 ,
391 3587 775 3655 ¹Samothrucus]
829 3591 1028 3656 Samos,
1081 3596 1165 3645 vel
1221 3595 1395 3646 Samo-

325 3667 509 3717 thrace
532 3667 698 3716 insula
720 3674 799 3718 est
820 3669 972 3719 maris
987 3671 1175 3734 AEgaei,
1197 3671 1261 3722 ad
1280 3687 1395 3736 pro-

325 3749 563 3808 spectum
594 3743 853 3809 Thraciae,
889 3760 1066 3796 versus
1103 3747 1395 3799 Orientem.

326 3819 485 3868 Hune
508 3832 631 3868 vero
669 3820 840 3869 locum
875 3822 1162 3885 explicabit
1190 3824 1393 3882 Florus,

326 3893 473 3958 cujus
505 3895 664 3944 verba
692 3893 879 3945 refero.
947 3897 1129 3948 Absens
1156 3914 1267 3961 ergo
1301 3899 1394 3964 (de

324 3969 493 4019 Perse
512 3968 765 4035 loquitur)
784 3973 940 4022 victus
965 3971 1109 4036 fugit
1142 3974 1196 4023 iu
1219 3975 1393 4037 maria,

326 4045 618 4110 aulamque
638 4047 1006 4108 Samothracem,
1027 4048 1196 4109 fretae
1226 4049 1395 4099 celebri

325 4119 571 4188 religione,
601 4123 737 4189 quusi
775 4127 950 4192 templu
982 4131 1030 4176 et
1068 4141 1169 4176 ατο
1199 4132 1389 4193 pumat

1532 2995 1569 3020 ¹¹¹
1587 2986 1860 3052 Immniis]
1905 2985 2170 3035 Probatur
2189 2983 2330 3033 istud
2352 2997 2418 3032 ex
2440 2981 2535 3032 Di-

1468 3065 1648 3126 odoro,
1668 3065 1753 3128 qui
1776 3077 1896 3113 eum
1935 3076 2130 3124 somno,
2151 3076 2184 3111 a
2212 3059 2533 3122 custodibus,

1468 3154 1598 3206 quos
1620 3135 1926 3199 offenderat,
1949 3150 2064 3185 cnm
2087 3135 2142 3184 in
2177 3149 2410 3196 carcere,
2429 3133 2533 3183 Ro-

1467 3230 1564 3268 mae
1609 3214 1956 3275 detineretur,
2011 3209 2328 3274 prohibitum
2371 3207 2533 3258 fuisse

1467 3289 1862 3424 reiessumem]
1896 3362 2013 3410 Rex
2052 3357 2154 3410 fuit
2196 3360 2442 3458 Pergami
2479 3361 2534 3414 iu

1470 3440 1609 3490 Asia.

1534 3513 1819 3577 ‘’Attalum]
1871 3513 1977 3564 Hic
2008 3512 2254 3577 Pergami
2298 3526 2391 3562 rex
2436 3512 2538 3565 fuit

1471 3591 1697 3642 ultimus.

1537 3674 1564 3710 Ρ
1587 3666 1792 3730 Filium]
1836 3663 1944 3715 Alii
1975 3664 2161 3717 aliter:
2210 3666 2390 3716 Florus
2411 3667 2540 3730 regii

1477 3745 1734 3810 sanguinis
1749 3741 1976 3792 ferocem
1983 3740 2231 3806 juvenem
2248 3741 2395 3792 dicit.
2419 3743 2452 3793 J
2457 3757 2538 3797 us,-

1477 3823 1617 3872 tinus
1637 3821 1799 3869 filium
1822 3820 2085 3870 Eumenis.

1539 3907 1564 3940 ‘¹
1593 3896 1864 3960 Nicomede]
1885 3896 2142 3959 Populum
2159 3895 2445 3948 Romanum
2462 3891 2540 3951 fe·

1476 3979 1623 4023 cerat
1645 3972 1921 4022 baeredem.

1537 4057 1560 4082 ¹·
1584 4047 1895 4111 Tarus-chiis]
1927 4044 2231 4096 'retr-archia
2251 4051 2437 4110 quarta
2459 4053 2541 4098 est

1474 4127 1593 4189 plin
1615 4123 1779 4189 regni,
1798 4128 1887 4173 aut
1909 4121 2201 4185 cujuspiam
2223 4121 2538 4173 Provincia.
