2930 4758
1043 268 1532 333 FRAGMENTA,
1598 270 1745 319 ιω.
1778 271 1860 320 11.
2420 258 2553 325 291

346 409 810 479 consuetudini
839 412 1272 489 eoncessisse‚
1304 418 1373 477 et
1398 413 1835 497 privilegium,
1871 413 2050 499 quod
2079 415 2162 479 de
2193 413 2312 483 Gn.
2343 416 2546 485 Pom·

345 516 483 597 peii
514 512 751 595 Magni
780 513 990 596 patris
1018 513 1233 578 reditu
1253 513 1601 593 ferebatur,
1630 518 1842 597 legem
1872 516 2293 601 appellasse!

439 615 621 680 Nam
666 616 925 698 procul,
976 619 1045 680 et
1100 615 1381 681 diversis
1431 637 1521 681 ex
1559 619 1962 701 regionibus.
2055 618 2260 684 Caris.
2327 618 2555 706 Asper,

350 720 375 749 ‘
394 715 645 801 procul,
677 719 910 800 inquit,
943 726 1029 778 est
1059 737 1091 777 e
1120 714 1294 779 loc0.’
1518 733 1522 740 '

442 816 726 882 Obviam
756 820 955 883 fuere.
1050 815 1296 881 Charis.
1344 817 1590 881 ibidem.
1655 817 1879 903 Asper,
1929 822 2044 900 ait,
2094 827 2115 856 ‘
2146 827 2400 887 vetuste
2447 815 2556 889 ob-

248 984 252 994 ,
348 916 521 983 viam
526 917 744 1005 fuere,
776 921 1092 985 adverbio
1123 940 1328 1003 quam
1354 922 1614 985 nomine
1644 922 1740 984 uti
1765 921 2038 987 maluit?

440 1021 645 1101 Urbe,
677 1025 1029 1106 patriaque
1058 1029 1380 1088 extorres.
1460 1021 1722 1088 Messus.

436 1124 673 1189 Genus
704 1127 987 1191 militum
1017 1134 1275 1189 suetum
1303 1145 1347 1188 a
1374 1126 1660 1209 pueritia
1685 1127 2074 1192 latrociniis„
2157 1124 2360 1193 Idem.

441 1226 618 1291 Inter
658 1229 836 1291 laeva
864 1228 1203 1304 moenium,
1249 1231 1316 1290 et
1361 1228 1669 1291 dextrum
1718 1227 1958 1295 flumen
2004 1227 2332 1307 Turiam‚·
2377 1229 2565 1313 quod

352 1325 755 1394 'Valentiam‘
795 1349 1007 1412 parvo
1054 1328 1397 1393 intervallo
1441 1330 1852 1412 praeterfluit.
1946 1326 2153 1392 Prisc.
2183 1330 2230 1394 l.
2263 1346 2334 1391 v.
2363 1336 2430 1395 et
2461 1347 2564 1394 vl.

355 1434 377 1463 ‘
406 1427 682 1495 Turiam
710 1432 908 1510 dixit,
957 1432 1073 1515 qui
1120 1432 1549 1497 accusativus
1579 1433 1836 1513 generis
1866 1430 2220 1497 masculini
2259 1437 2382 1509 est,
2431 1451 2566 1496 non

355 1532 608 1599 neutri?

442 1636 527 1699 In
581 1637 845 1713 fiducia,
906 1656 1108 1720 quam
1160 1636 1585 1718 argumentiS,
1642 1635 2054 1717 purgatiores
2118 1634 2560 1701 dimittuntur.

359 1733 604 1799 Donat.
632 1734 890 1802 Phorm.
925 1741 1057 1801 act.
1093 1755 1141 1800 1.
1171 1757 1265 1801 sc.
1294 1736 1359 1800 3.
1402 1744 1470 1803 et
1494 1732 1729 1821 Heqyr.
1759 1740 1892 1800 act.
1927 1752 2025 1798 lv.
2055 1755 2154 1800 sc.
2179 1738 2246 1801 4.
2303 1734 2566 1801 Nonius.

356 1844 379 1871 ‘
412 1840 695 1907 Fiducia
724 1845 826 1905 est
856 1838 1184 1925 audacia?
1260 1830 1439 1901 Serv.

442 1940 817 2025 Antequam
875 1959 1212 2023 regressus
1270 1940 1600 2005 Sertorius
1661 1939 2011 2006 instrueret
2085 1962 2327 2027 pugnoe
2385 1962 2568 2009 suoS.

362 2041 735 2106 Arusianus.

445 2143 612 2228 Ipse
641 2145 842 2207 animi
883 2148 1099 2207 atrox.
1192 2137 1391 2206 Idem.

449 2244 683 2329 Copiis
712 2246 989 2327 integra.
1081 2240 1282 2306 Idem.

449 2345 702 2413 Eodem
732 2367 899 2412 anno
930 2348 999 2410 in
1030 2342 1433 2409 Macedonia
1463 2340 1545 2407 C.
1579 2340 1810 2422 Curio,
1840 2343 2170 2429 principio
2199 2348 2370 2412 veris
2415 2364 2572 2413 cum

360 2451 656 2515 exercitu
710 2448 1049 2532 profectus
1104 2447 1175 2510 in
1220 2443 1683 2521 Dardaniam,⁸
1754 2444 1996 2526 quibus
2053 2447 2274 2528 potuit
2327 2449 2569 2528 modiS,

362 2553 577 2618 dictas
605 2552 919 2634 pecunias
949 2530 1206 2632 coegit.x
1281 2543 1550 2624 Nonius,
1579 2548 1602 2578 ‘
1633 2541 1854 2622 dicere,
1883 2551 1985 2610 est
2007 2548 2408 2630 promittere?

452 2653 647 2730 Post,
678 2651 792 2715 ubi
821 2654 889 2714 in
909 2650 1157 2714 fiducia
1181 2649 1447 2713 nimius.
1540 2647 1604 2708 A
1611 2646 1845 2711 rusian.

452 2754 587 2818 Sed
612 2755 747 2835 ipsi
772 2752 985 2818 ferunt
1012 2757 1268 2815 tantum
1296 2771 1387 2815 ex
1418 2769 1634 2832 grege,
1685 2769 1884 2833 quem
1913 2767 2125 2832 prope
2153 2751 2370 2817 littora
2395 2772 2574 2836 rege-

360 2858 480 2920 bat
510 2853 753 2920 Corsah
795 2856 1057 2919 nomine
1090 2855 1297 2935 Ligus
1328 2851 1583 2916 mulier.
1683 2847 1882 2912 Prisc.
1912 2851 1959 2916 1.
1996 2869 2095 2914 vr.

454 2953 653 3021 Nam*
696 2957 1003 3039 quaedam
1032 2953 1243 3028 Corsa
1281 2955 1544 3034 nomine
1597 2953 1803 3036 Ligus
1832 2953 2065 3017 mulier
2111 2975 2265 3019 cum
2318 2962 2576 3020 taurum

360 3079 457 3123 ex
486 3077 704 3139 grege,
733 3077 930 3139 quem
972 3075 1181 3138 prope
1238 3057 1462 3120 littora
1515 3057 1804 3136 regebat,
1835 3060 2246 3118 transnatare
2289 3058 2574 3134 solitum,

362 3165 567 3242 atque
596 3177 711 3240 per
736 3156 1105 3233 intervalla,
1132 3175 1409 3238 corpore
1437 3151 1690 3232 auot0,¹‘
1710 3173 1995 3219 remeare
2007 3155 2274 3230 videret,
2296 3157 2576 3239 cupiens

364 3259 538 3325 scire
584 3258 916 3346 ineognita
966 3258 1095 3321 sibi
1147 3258 1416 3340 pabula,
1470 3262 1729 3320 taurum
1759 3277 1802 3320 a
1830 3257 2064 3320 ceteris
2095 3255 2576 3340 degredientem

1363 3466 1576 3520 NOTAE

416 3594 458 3626 -ε
494 3585 717 3647 Turiam]
740 3584 897 3635 Turia
912 3584 1049 3634 rivus
1064 3592 1146 3635 est
1164 3584 1438 3651 Hispania
1519 3581 1898 3645 Macedoniam,
1919 3581 1986 3632 ad
2004 3582 2436 3645 Septentrionem.

367 3661 794 3722 Tarraconensis,
834 3661 921 3726 qui
944 3676 1047 3710 non
1069 3669 1151 3710 est
1174 3677 1290 3710 cum
1327 3663 1439 3712 Du·
1583 3657 1610 3692 ¹²
1634 3658 1802 3721 Corsa]
1819 3659 1900 3708 De
1919 3659 2147 3710 Corsicae
2171 3659 2352 3710 insula
2365 3658 2580 3710 exordio

372 3738 451 3786 rio
479 3735 689 3788 flumine
707 3736 1117 3797 confundendus,
1140 3751 1255 3786 cum
1277 3737 1365 3786 ine
1386 3737 1440 3784 in
1519 3735 1710 3800 agitur.
1799 3779 1808 3786 .

372 3827 515 3862 mare
564 3813 1027 3876 Mediterraneum,
1081 3811 1178 3860 hoe
1222 3826 1343 3860 vero
1386 3811 1439 3860 iu
1587 3811 1774 3874 ΙΝειηι]
1809 3813 1877 3861 Et
1893 3811 2035 3860 istud
2052 3810 2398 3873 fragmentum
2417 3823 2585 3860 exeo-

374 3888 645 3938 Oceanum
667 3887 989 3937 devolvatur.
1034 3945 1041 3950 ,
1521 3878 1640 3936 dem
1687 3887 1889 3937 Isidoro
1933 3885 2108 3936 studet
2135 3899 2342 3948 ⁸augere
2385 3884 2585 3934 Douza.

438 3960 458 3996 ἵ
517 3964 805 4027 Valentiam]
874 3964 1013 4014 Urbs
1053 3969 1135 4012 est
1173 3962 1441 4027 Hispaniae
1521 3962 1626 4011 Sed
1645 3962 1773 4011 nihil
1795 3962 1926 4012 certi
1948 3959 2116 4009 video.

287 4029 293 4034 ¹
369 4040 799 4090 Tarraconensis.
1589 4036 1614 4070 Β
1634 4039 1811 4102 Anido]
1843 4036 1998 4098 Quia,
2035 4034 2256 4099 scilieet,
2288 4034 2584 4086 luxurium

437 4122 469 4158 Β
506 4114 837 4190 Dardaniam]
927 4115 1097 4180 Regio
1153 4120 1237 4165 est
1289 4129 1446 4180 supra
1521 4113 1684 4164 herba
1705 4106 1916 4177 egregie
1933 4116 2112 4177 pastus
2127 4117 2264 4164 erat.
