2930 4758
433 270 575 349 no
1225 288 1331 341 An
1374 287 1441 340 o.
1489 287 1860 339 cAEsAnuu

426 434 732 525 judiciis,
792 435 1207 502 senatoribus
1254 434 1498 519 paucis
1553 433 1862 515 tradidit}
1924 432 2194 517 plebem
2251 430 2676 521 Romanam,

442 540 641 625 eujus
670 545 862 604 antea
889 557 1143 604 summa
1172 543 1474 625 potestas
1507 544 1668 615 erat,
1707 543 2010 621 nosque¹¹²
2053 538 2162 602 his
2193 536 2482 621 quidem
2509 540 2680 623 legi·

438 642 571 707 bus
626 643 699 706 in
756 645 1065 707 servitute
1122 642 1413 723 reliquit.
1505 640 1551 705 J
1557 640 1784 705 udicia
1837 643 2126 718 tametsi,
2189 642 2374 705 sicut
2430 648 2681 723 antea,-

440 744 653 810 tfibus
680 744 1022 809 ordinibus
1050 742 1293 808 tradita
1340 746 1526 824 sunt3
1571 748 1794 808 tamen
1842 744 2040 809 iidem
2088 744 2189 807 illi
2239 742 2530 807 factiosi
2575 764 2682 809 re-

439 853 621 929 gunt,
652 847 831 925 dant,
864 847 1181 923 adimunt,
1216 864 1369 927 quae
1420 846 1630 911 lubet:
1672 846 2052 909 innocentes
2096 844 2678 927 circumveniunt3

444 967 607 1014 snos
634 950 723 1013 ad
750 948 1067 1015 honorem
1094 948 1441 1013 extollunt.
1513 944 1672 1012 Non
1699 947 1986 1024 facinus,
2015 967 2144 1011 non
2174 948 2539 1029 probrum,
2569 952 2682 1011 aut

442 1050 762 1133 flagitium
790 1052 1037 1128 obstat,
1067 1070 1202 1135 quo
1231 1050 1449 1113 minus
1477 1049 1908 1131 magistratus
1937 1050 2240 1131 capiant:
2271 1048 2473 1130 quod
2500 1068 2682 1112 com-

444 1152 711 1217 modum
730 1161 853 1231 est,
874 1155 1163 1229 trahunt,
1189 1154 1485 1236 rapiunt:
1515 1156 1857 1235 postremo
1881 1157 2195 1233 tanquam
2217 1151 2394 1213 urbe
2419 1156 2682 1232 captae

440 1254 737 1318 lubidine
784 1274 866 1319 ac
918 1256 1193 1319 licentia
1241 1272 1367 1318 suu
1412 1274 1536 1337 pro
1561 1253 1822 1336 leg-ibus
1853 1258 2145 1317 utuntur.·
2237 1250 2354 1314 Ac
2385 1272 2503 1315 me
2533 1252 2680 1335 qui-

442 1354 597 1420 dem
622 1355 979 1420 mediocris
1021 1354 1212 1420 dolor
1256 1362 1544 1437 angeret,
1590 1354 1649 1417 si
1693 1354 1932 1419 virtute
1979 1358 2243 1437 partam
2294 1352 2683 1430 victoriam,

442 1476 625 1522 more
656 1476 805 1536 suo,
836 1476 957 1541 per
986 1457 1359 1539 servitium?
1386 1461 1794 1519 exercerent.
1887 1454 2022 1519 Sed
2067 1454 2382 1518 homines
2420 1452 2685 1517 inertis-

444 1560 619 1639 simi,
648 1580 927 1643 quorum
971 1562 1182 1624 omnis
1226 1558 1333 1622 vis
1376 1560 1724 1639 virtusque
1771 1557 1844 1620 in
1887 1556 2114 1639 lingua
2142 1557 2279 1619 sita
2321 1560 2453 1632 est,
2485 1554 2680 1633 forte,

448 1668 649 1746 atque
695 1664 997 1728 alterius*¹
1048 1660 1353 1725 secordia
1402 1658 1920 1723 dominationem
1965 1658 2260 1723 oblatam
2305 1656 2683 1720 insolente·

447 1764 719 1845 agitant.
810 1764 1013 1841 Num,
1044 1784 1198 1847 quae
1228 1761 1468 1827 seditio
1495 1780 1578 1826 ac
1619 1760 1950 1825 dissensio
1978 1760 2195 1825 civilis
2225 1763 2330 1821 tot
2381 1776 2684 1841 unquam

445 1864 735 1930 illustres
764 1865 1060 1931 familias
1086 1864 1173 1928 ab
1202 1864 1405 1946 stirpe
1433 1863 1710 1927 evertit?
1754 1872 1874 1927 aut
1897 1880 2176 1945 quorum
2199 1878 2513 1942 unquam
2541 1860 2682 1924 vic·

444 1967 611 2029 toria
624 1966 897 2030 'animus
924 1972 1064 2029 tam
1091 1982 1399 2049 praeceps
1428 1969 1696 2047 tamque
1721 1964 2193 2028 immoderatus
2221 1961 2398 2028 fuit?

533 2066 612 2128 L.
638 2066 846 2149 Sylla,
874 2068 989 2131 cni
1012 2067 1236 2131 omnia
1260 2068 1333 2129 in
1359 2068 1641 2131 victoria
1663 2068 1811 2151 lege
1837 2068 1998 2132 belli
2023 2067 2378 2145 licuerunt,
2407 2069 2678 2133 tametsi

450 2167 812 2252 supplicio‘
839 2167 1130 2232 hostium
1165 2174 1393 2252 partes
1436 2188 1600 2234 suas
1647 2171 1886 2235 muniri
1932 2168 2378 2251 intelligebat:
2427 2175 2673 2247 tamen,

445 2271 685 2354 paucis
726 2269 1141 2350 interfecti3,⁸
1189 2278 1447 2337 ceteros
1493 2272 1844 2350 beneficio,
1893 2292 2092 2359 quam
2137 2276 2345 2350 metu,
2389 2271 2674 2335 retinere

1439 2438 1665 2490 'NOTAE

451 2563 536 2599 um
558 2549 912 2613 intelligimus,
935 2549 1072 2613 quod
1109 2564 1226 2598 eum
1261 2556 1416 2600 antea
1442 2549 1518 2600 fe-

449 2626 580 2675 cisse
621 2625 863 2687 vidimus,
903 2632 962 2675 ut
1000 2640 1175 2675 auram
1213 2626 1516 2690 popularem

451 2707 710 2764 captaret,
728 2702 1122 2766 volentibusque
1140 2702 1407 2752 servitium
1424 2703 1518 2750 im-

452 2783 688 2839 poneret.

515 2860 551 2884 ¹¹²
586 2852 795 2916 Nosque]
850 2853 1103 2904 Ordinem
1126 2862 1418 2920 equestrem
1444 2855 1520 2904 in-

453 2927 648 2992 tellige.

516 3013 540 3037 ¹¹
572 3004 713 3054 Sicut
732 3003 897 3067 antea]
961 3005 1104 3070 Lege
1128 3005 1338 3056 Plautia
1362 3006 1518 3056 Plebi

451 3083 827 3132 communicatu
844 3083 1064 3146 Judicia,
1100 3084 1270 3132 ordini
1302 3083 1517 3133 Senato-

454 3159 533 3207 rio
566 3173 596 3206 α
626 3158 768 3221 Sylla
800 3162 1051 3208 translata
1084 3158 1305 3209 fuerant.
1375 3161 1516 3224 Lege

452 3247 577 3282 vero
598 3233 830 3296 Aurelia,
851 3250 1005 3300 quam
1040 3237 1164 3286 tulit
1198 3239 1259 3287 L.
1279 3237 1520 3287 Aurelius

453 3310 613 3360 Cotta
632 3309 856 3373 Praetor,
872 3310 1013 3360 inter
1044 3311 1340 3374 Senatores,
1361 3313 1518 3377 Equi—

454 3391 557 3448 tes,
586 3392 642 3434 et
672 3387 924 3436 Tribunos
960 3389 1191 3449 aerarios,
1208 3389 1415 3452 judicia
1435 3403 1518 3439 ea-

454 3462 593 3524 dem,
628 3476 695 3511 ex
751 3463 990 3528 Pompeii
1027 3467 1296 3516 voluntate
1348 3465 1518 3514 divisa

452 3544 591 3587 sunt.

518 3621 542 3646 ⁰
581 3613 708 3662 Urbe
722 3615 885 3678 captu]
951 3616 1028 3666 Ab
1048 3617 1273 3680 hostibus,
1294 3617 1519 3682 scilicet,

453 3691 540 3756 qui
565 3690 735 3739 omnia
757 3705 851 3754 pro
874 3691 1089 3741 libidine
1107 3699 1286 3755 agunt.

516 3773 545 3807 Ρ
566 3767 666 3815 Per
678 3765 950 3829 servitium]
1004 3766 1069 3815 Id
1091 3773 1187 3830 est,
1204 3781 1309 3815 cum
1324 3766 1520 3831 civibus,

452 3843 598 3893 veluti
620 3858 723 3892 cum
742 3844 891 3892 ner-vis
913 3846 1113 3904 agendo.

518 3927 544 3961 (Ι
576 3918 813 3981 Alterius]
865 3919 931 3969 Id
952 3928 1052 3982 est,
1084 3921 1315 3972 aliorum.-
1345 3935 1516 3987 neque

451 3996 538 4044 liic
562 4009 855 4060 quenquam
880 3996 1177 4060 singulatim
1196 3997 1452 4061 designat.

518 4079 539 4103 ⁸
571 4072 835 4136 Simplicio]
923 4075 1105 4124 Carrio
1154 4075 1419 4124 veteribus
1460 4075 1520 4123 li-

458 4147 585 4209 bris,
626 4155 688 4196 ut
729 4149 821 4198 ille
862 4150 958 4212 nit,
1006 4151 1374 4210 manuductus,
1423 4163 1520 4213 pro

1597 2551 1826 2616 Sulpicio,
1845 2551 2074 2616 simplicio
2097 2548 2360 2614 reposuit3
2397 2548 2566 2614 idque
2587 2562 2674 2598 au·

1598 2643 1735 2676 ream
1769 2628 2150 2678 correctionem
2173 2630 2347 2688 vocat,
2383 2639 2547 2688 quam
2569 2623 2674 2689 qui-

1598 2703 1714 2753 dem
1751 2705 1936 2766 cuivis,
1965 2704 2055 2767 qui
2093 2715 2298 2752 sensum
2341 2715 2670 2752 communem

1595 2780 1799 2841 babeat,
1851 2781 2130 2843 probatum
2172 2778 2237 2827 iri
2287 2791 2396 2826 non
2443 2775 2669 2825 dubitat.

1600 2856 1692 2906 Me
1706 2871 1834 2908 vero
1850 2855 2058 2904 minime
2073 2852 2321 2918 puduerit
2333 2867 2458 2903 cum
2473 2853 2670 2916 paucis,

1600 2932 1784 2996 quibus
1815 2945 1994 2982 sensus
2035 2931 2200 2980 bonus
2241 2929 2424 2992 fuerit,
2468 2945 2502 2978 a
2536 2944 2667 2979 com·

1598 3007 1742 3056 muni
1765 3007 2040 3066 recedere3
2075 3020 2137 3055 eo
2167 3008 2468 3070 praesertim
2498 3005 2668 3054 induc-

1596 3091 1698 3148 tus,
1719 3085 1858 3150 quod
1877 3085 1994 3148 nisi,
2015 3083 2224 3148 Sulpitii
2245 3085 2533 3145 mentione,
2562 3095 2669 3132 sen·

1596 3162 1811 3211 tentiam
1829 3175 1974 3210 suam
1991 3160 2284 3222 Sallustius,
2303 3166 2554 3224 tunquam
2565 3174 2664 3209 nie-

1598 3237 1667 3286 tis
1685 3235 1996 3301 quibusdam
2015 3237 2382 3298 coarctaverit,
2397 3234 2667 3286 falsissima

1599 3313 1712 3377 ejus
1745 3313 1912 3364 oratio
1934 3311 2116 3362 fuerit.
2180 3313 2450 3372 Ceterum,
2474 3312 2541 3361 ad
2561 3313 2664 3380 ple-

1597 3404 1716 3438 nam
1739 3389 1894 3452 hujus
1913 3388 2015 3437 loci
2037 3387 2439 3452 intelligentiam
2460 3387 2660 3437 omnino

1599 3465 1850 3515 videndus
1869 3469 1952 3514 est
1979 3464 2308 3514 Paterculus.
2361 3465 2562 3515 Histor.
2573 3463 2659 3513 lib.

1599 3555 1663 3590 11.

1657 3624 1677 3650 ⁸
1704 3617 1899 3678 Tamen,
1915 3617 2082 3679 paucis
2097 3615 2386 3684 intersectis]
2436 3615 2659 3666 Assumit

1596 3693 1800 3742 Auctor
1817 3692 1958 3756 quod
1975 3691 2320 3753 commodum,
2345 3699 2400 3740 et
2423 3707 2519 3755 pro
2536 3698 2660 3741 tem-

1597 3782 1726 3832 pore
1759 3781 1946 3820 verum
1969 3766 2088 3830 fuit,
2124 3775 2406 3832 antequam
2437 3768 2578 3832 Sylla
2605 3768 2654 3816 ln

1597 3844 1776 3894 Asiam
1821 3843 2068 3893 adversus
2103 3844 2470 3893 Mithridatem
2511 3843 2656 3908 profi-

1598 3921 1898 3971 cincei-etur.
1965 3921 2051 3970 Illi
2067 3921 2264 3970 veroin
2280 3923 2488 3972 laudem
2505 3923 2657 3972 vertit

1598 3999 1735 4062 quod
1780 4006 1904 4048 tunc
1943 3999 2211 4061 temporis,
2251 4007 2466 4048 coactus
2504 3998 2652 4048 fecit:

1599 4065 1800 4138 alioqui
1822 4082 1942 4138 post
1980 4075 2211 4123 ultimam
2241 4083 2299 4124 et
2329 4074 2528 4126 firmam
2556 4075 2652 4125 vic-

1598 4149 1805 4215 torium,
1856 4165 1960 4200 non
1996 4151 2124 4200 nlius
2153 4165 2379 4217 unquam
2421 4151 2480 4202 in
2523 4152 2651 4202 cive·
