2930 4758
1143 276 1567 327 SALLusrn.
2372 259 2462 324 26

250 420 580 503 profecto,
623 420 1012 506 vigenteque
1060 420 1262 498 bello,
1309 419 1517 484 multa
1560 425 1927 498 monuerat,
1978 439 2065 486 ea
2105 421 2193 486 de
2240 436 2335 499 re,
2384 419 2458 484 in

252 521 580 604 Epistola,
611 541 764 604 quae
794 539 878 587 ιι.
925 521 1160 586 Oratio
1183 541 1537 604 perperam
1556 521 1819 598 dicitur,
1841 521 1961 585 ubi
1984 521 2067 586 de
2087 503 2187 586 M.
2216 521 2458 590 Bibulo

249 629 322 686 et
375 622 456 686 L.
515 623 840 701 Domitio,
901 625 1090 707 quasi
1145 623 1525 686 viventibus
1580 622 1897 704 loquitur,
1961 643 2115 688 οιιιιι
2176 625 2457 690 Bibulus

247 729 546 788 mortuus
589 726 679 788 sit
733 729 880 790 ante
925 743 1214 807 pugnam
1263 722 1741 801 Pharsalicam,
1788 730 1857 787 et
1900 720 2235 790 Domitius
2261 745 2349 790 ex
2376 743 2467 792 ea

245 825 506 906 fugiens
535 825 932 890 interfectus
1019 825 1159 888 Sed
1186 825 1254 888 in
1283 824 1488 890 altera
1518 822 1847 906 Epistola,
1881 827 1951 888 ιιι
1978 845 2111 908 qua
2140 826 2229 890 de
2258 827 2455 903 bello,

248 927 448 1010 quasi
507 927 828 1003 confecto,
887 927 1193 1010 loquitur,
1251 945 1389 990 rem
1443 926 1721 990 eandem
1775 926 2010 991 iterum
2068 927 2458 1011 aggrediturs

251 1024 516 1109 Itaque,
563 1048 716 1111 quae
775 1026 956 1111 prior
1005 1033 1130 1104 est,
1188 1047 1340 1091 eam
1385 1031 1765 1110 opporteret
1804 1047 1953 1092 esse
2000 1029 2454 1111 posteriorem,-

249 1127 434 1210 quod
459 1129 658 1192 etiam
682 1129 903 1212 ipsum
931 1129 1096 1213 ejus,
1127 1148 1280 1212 quae
1307 1130 1632 1212 posterior
1674 1133 1799 1206 est,
1842 1131 2245 1213 prooemium
2297 1119 2458 1198 satis

249 1229 556 1294 ostendit.

345 1326 716 1414 Antequam
759 1335 978 1396 autem
1007 1329 1244 1396 Caesar
1283 1335 1515 1396 contra
1543 1317 1949 1414 Scipionem,
1991 1332 2300 1416 Pompeii
2350 1353 2457 1400 so·

249 1449 494 1507 cerum,
544 1433 614 1497 in
665 1430 969 1496 Africam
1024 1434 1173 1510 iret,
1226 1452 1396 1497 anuo
1448 1431 1535 1496 U.
1565 1431 1646 1496 C.
1704 1450 2003 1511 noctur„
2052 1453 2187 1517 quo
2225 1433 2479 1502 Caesar-

246 1532 484 1600 iterum
505 1533 812 1600 Dictator
832 1533 980 1611 fuit,
1007 1533 1106 1599 Μ.
1129 1533 1458 1600 Antonius
1484 1533 1810 1616 Magister
1833 1535 2169 1618 Equitum,
2196 1535 2459 1604 Praetor

247 1630 466 1702 sactus
495 1641 600 1712 est
629 1635 1020 1717 Sallustius3
1072 1637 1188 1720 qui
1217 1637 1425 1701 honor
1456 1635 1715 1699 videtur
1742 1655 1873 1701 uon
1900 1641 2035 1700 tam
2062 1638 2457 1701 monitorum
2514 1676 2527 1686 -

248 1732 336 1798 de
389 1735 772 1820 Republica
827 1736 1208 1814 ordinanda,
1267 1755 1471 1820 quam
1528 1737 1817 1819 turpium
1872 1736 2321 1802 adulationum
2367 1737 2455 1802 iis

252 1835 692 1900 admissamm
742 1840 1092 1919 praemium
1135 1837 1358 1902 fuisse.
1465 1834 1559 1899 At
1610 1836 1927 1902 Sallustio
1971 1838 2455 1933 propemodum

116 1977 120 1981 -
245 1937 468 2004 fatalis
494 1939 653 2019 fuit3
698 1959 850 2004 cum
877 1941 1049 2006 enim
1076 1945 1248 2004 esset
1273 1939 1346 2002 in
1370 1937 1788 2022 Campania,¹
1818 1940 1999 2020 apud
2025 1937 2453 2004 Caesarianos

246 2039 512 2117 milites,
539 2060 699 2104 mox
723 2042 790 2104 in
817 2039 1116 2107 Africam
1135 2043 1696 2118 transmittendoS,
1728 2047 2041 2124 motaque
2062 2042 2253 2104 abiis
2278 2045 2457 2106 esset

244 2141 513 2218 seditio,
567 2161 768 2225 quam
809 2141 1054 2208 frustra
1095 2161 1515 2226 compescere
1562 2142 1863 2218 tentavit,
1892 2143 2093 2208 abiis
2118 2140 2323 2206 ferme
2350 2144 2456 2206 ost

244 2241 648 2308 interfectus
740 2241 1122 2320 Quinetiam
1173 2263 1326 2308 cum
1373 2242 1663 2308 Romam
1698 2243 1783 2306 ad
1815 2242 2157 2310 Caesarem
2189 2249 2453 2308 conten-

249 2342 448 2422 deret,
509 2349 584 2411 ut
631 2344 757 2410 hac
815 2342 900 2409 de
959 2363 1028 2409 re
1077 2346 1418 2410 certiorem
1465 2344 1735 2422 faceret,
1779 2344 2063 2411 insecuti
2090 2363 2241 2409 eum
2271 2362 2453 2410 com-

246 2446 466 2529 plures
509 2447 816 2523 militum,
861 2446 1098 2513 obvios
1138 2464 1440 2531 quosque
1470 2445 1893 2526 occiderunt3
1937 2446 2182 2530 ipsum,
2226 2446 2285 2509 si
2312 2444 2454 2509 adi-

247 2548 425 2629 pisci
453 2549 850 2630 potuissent,
887 2567 928 2611 e
957 2547 1180 2612 medio
1211 2548 1563 2611 sublaturi.

332 2644 575 2715 Caesar
600 2668 780 2726 vero,
828 2649 1116 2732 placatis
1167 2648 1513 2726 militibus,
1544 2648 1667 2713 sub
1692 2648 1993 2713 brumam
2016 2648 2089 2710 in
2127 2645 2452 2725 Africam,

247 2772 402 2819 cum
446 2758 630 2836 parte
675 2752 1030 2829 exercituS,
1086 2752 1364 2837 trajecit,
1413 2770 1773 2835 secumque
1820 2750 2206 2815 Sallustium
2235 2750 2451 2829 duxit,

246 2874 465 2939 quem,
521 2854 762 2938 paucis
822 2852 1064 2918 diebus
1121 2859 1479 2937 postquam
1530 2854 1921 2937 appulisset,
1970 2872 2123 2918 cum
2170 2851 2453 2936 penuria

245 2972 516 3021 annonae
547 2958 974 3038 premeretur,
1005 2954 1094 3019 ad
1125 2952 1469 3019 Cercinam
1496 2955 1834 3032 insulam‚²
1864 2971 2065 3038 quam
2094 2952 2453 3019 adversarii

243 3058 572 3133 tenebant,
621 3076 777 3122 cum
824 3064 1014 3139 parte
1059 3057 1349 3133 navium,
1401 3056 1496 3119 ire
1534 3056 1759 3138 Jussit‚
1806 3055 1991 3137 quod
2020 3055 2115 3117 ibi
2144 3072 2451 3135 magnum

241 3176 580 3221 numerum
617 3158 924 3223 frumenti
968 3175 1118 3221 esse
1162 3156 1491 3219 audiebat.
1600 3154 1769 3235 Ejus
1829 3155 2140 3219 adveutu³
2198 3151 2277 3216 C.
2314 3152 2449 3219 De·-

244 3257 484 3324 cimius
559 3256 1006 3335 Quaestorius,
1095 3257 1212 3339 qui
1285 3256 1378 3317 ibi
1449 3275 1603 3319 cum
1672 3255 1902 3336 grandi
1960 3253 2229 3319 familiae
2302 3271 2447 3319 suae

245 3355 562 3440 praesidio
622 3362 902 3441 praeerat
955 3355 1374 3433 commeatui,
1424 3356 1771 3439 parvulum
1826 3356 2159 3436 navigium
2212 3360 2449 3421 nactus

240 3458 646 3536 conscendit,
693 3478 774 3523 ac
825 3478 897 3523 se
945 3457 1124 3540 fugae
1170 3458 1674 3529 commendavit.
1789 3457 2145 3525 Sallustius
2188 3456 2447 3531 interim

242 3580 285 3629 a
335 3560 796 3627 Cercinatibus
843 3565 1176 3643 receptae,
1219 3578 1462 3641 magno
1510 3580 1777 3625 numero
1822 3559 2124 3625 frumenti
2158 3561 2447 3637 invente,

241 3682 446 3731 naves
520 3664 874 3741 onerarias,
965 3682 1244 3744 quarum
1311 3662 1408 3725 ibi
1484 3662 1649 3726 satis
1718 3680 1959 3742 magna
2028 3663 2233 3744 copia
2300 3660 2447 3736 fuit,

245 3764 624 3847 complevit,
637 3768 868 3869 atque
907 3764 976 3829 ιιι
1015 3769 1236 3830 castra
1271 3763 1358 3827 ad
1386 3762 1726 3829 Caesarem
1762 3765 1962 3827 misit.
2052 3762 2239 3841 Quid
2270 3758 2449 3825 aliud

238 3868 308 3930 ιιι
344 3885 426 3934 eo
467 3844 662 3930 bello
695 3866 968 3948 gesserit
1015 3866 1394 3942 Sallustius,
1447 3885 1640 3929 nemo
1686 3865 1996 3949 prodidit,
2042 3864 2161 3928 sed
2188 3861 2445 3926 fidelem

242 4079 266 4128 1
287 4078 366 4127 Ex
386 4076 558 4129 Dione
579 4077 673 4129 lib.
690 4090 825 4129 uu.
956 4080 988 4127 2
1015 4076 1160 4127 Hirti
1143 4092 1220 4127 ius
1243 4076 1311 4129 de
1336 4076 1487 4130 Bello
1500 4074 1620 4127 Afri
1622 4091 1672 4129 e.
1693 4090 1813 4143 cap.
1832 4080 1883 4126 8.
2012 4078 2042 4123 8
2067 4070 2203 4123 Ibid.
2222 4082 2337 4137 etp.
2358 4074 2444 4129 ³4.
