2930 4758
358 268 491 336 348
1146 282 1248 329 An
1296 280 1359 329 c.
1408 276 1777 329 cAEsARnu

892 718 1790 812 EPISTOLA
1891 716 2056 805 11:

1060 967 1196 1033 AD
1251 966 1330 1033 o.
1378 948 1888 1032 cAEsAREM.

373 1523 565 1615 Solo
598 1552 745 1633 ego,
771 1570 971 1634 quam
1000 1548 1290 1629 difficile,
1317 1554 1516 1634 atque
1547 1569 1859 1633 asperum
1885 1548 2070 1613 sactu
2099 1549 2212 1626 sit,
2236 1549 2589 1614 consilium

372 1652 529 1718 dare
556 1655 719 1735 regi,
752 1661 867 1718 aut
896 1654 1305 1736 imperatori3
1353 1658 1690 1736 postremo
1734 1654 2050 1734 cuiquam
2077 1652 2363 1729 mortali,
2395 1654 2587 1739 cujus

371 1774 535 1838 opes
562 1758 631 1819 in
664 1756 935 1821 excelso
967 1761 1147 1819 sunt:
1195 1757 1445 1839 quippe
1494 1773 1647 1818 cum
1688 1760 1758 1818 et
1802 1753 1938 1817 illis
1989 1756 2444 1818 consultorum
2474 1774 2588 1819 co-
2627 1798 2634 1801 -

369 1856 535 1941 piaeb
564 1859 816 1937 adsint3
862 1877 1078 1940 neque
1108 1857 1191 1920 de
1220 1856 1439 1921 futuro
1471 1858 1828 1938 quisquam
1859 1856 2025 1919 satis
2057 1855 2365 1933 calliduS,
2395 1860 2589 1921 satis'-

373 1978 502 2042 que
532 1959 820 2043 prudens
851 1960 957 2022 sit.
1014 1957 1195 2035 Quin
1225 1959 1425 2023 etiam
1457 1976 1644 2039 saepe
1671 1975 1884 2039 prava
1911 1957 2151 2038 magna,
2183 1977 2386 2040 quam
2413 1959 2591 2022 bona

374 2061 657 2123 consilia
702 2080 1016 2143 prospere
1066 2060 1373 2123 eveniunt
1388 2057 1414 2121 ε’
1451 2059 1636 2141 quia⁰
1683 2056 2037 2140 plerasque
2076 2077 2185 2121 res
2215 2059 2474 2123 fortuna
2501 2080 2590 2125 ex

371 2160 671 2224 lubidine
700 2180 826 2225 sua
854 2162 1079 2244 agitat.
1170 2158 1307 2222 Sed
1359 2158 1521 2222 mihi
1574 2158 1861 2223 studium
1911 2159 2038 2223 fuit
2090 2160 2587 2226 adolescentulo

372 2263 853 2346 rempublicam
885 2280 1266 2345 capessere.
1316 2262 1564 2343 atque
1545 2281 1611 2325 in
1659 2280 1744 2324 ea
1790 2264 2248 2343 cognoscenda
2285 2264 2586 2341 multam,

375 2387 813 2450 magnamque
852 2385 1077 2430 curam
1122 2364 1357 2428 habui.
1404 2381 1536 2425 non
1582 2362 1698 2441 ita,
1743 2352 1845 2426 uti
1887 2363 2342 2446 magistratum
2385 2364 2588 2430 modo

374 2487 700 2552 caperem,
735 2487 931 2552 quem
960 2466 1151 2530 multi
1178 2467 1377 2530 malis
1406 2465 1667 2529 artibus
1699 2465 1926 2547 adepti
1954 2472 2166 2532 erant:
2213 2467 2333 2532 sed
2361 2469 2589 2548 etiam,

373 2573 468 2638 uti
514 2571 993 2654 rempublicam
1020 2569 1200 2633 domi
1228 2568 1641 2651 militiaeque,
1674 2573 2120 2651 quantumque
2147 2570 2368 2649 armiS‚
2400 2569 2590 2651 viriS,

376 2673 721 2757 opulentia
764 2678 1013 2756 posset,
1065 2673 1419 2754 cognitam·
1446 2671 1753 2734 haberem
1764 2681 1808 2729 .⁶
1892 2670 2134 2754 Itaque
2179 2673 2337 2735 mibi
2387 2674 2594 2738 multa

378 2794 531 2838 cum
560 2773 781 2838 animo
827 2775 1102 2855 agitanti
1150 2772 1500 2837 consilium
1550 2771 1700 2849 fuit,
1747 2772 1992 2837 famam
2037 2771 2596 2859 modestiamqued

367 2895 595 2940 meam
624 2879 781 2959 post
809 2879 990 2938 tuam
1019 2875 1400 2956 dignitatem
1428 2873 1700 2950 habere,
1727 2878 1794 2936 et
1823 2873 1930 2958 cuj
1939 2895 2017 2940 us
2053 2875 2146 2940 rei
2188 2876 2373 2940 lubet
2416 2875 2595 2959 peri-

380 2979 605 3043 culum
632 2978 873 3055 facere,
907 2976 1065 3040 dum
1097 2976 1255 3059 quid
1287 2975 1413 3039 tibi
1441 2995 1532 3038 ex
1559 2995 1640 3038 eo
1672 2976 1900 3058 gloriae
1947 2978 2286 3042 acciderit.
2375 2978 2594 3062 quue

376 3099 511 3144 non
541 3085 801 3159 temere,
834 3083 950 3144 aut
972 3099 1067 3143 ex
1095 3078 1357 3142 fortuna
1379 3083 1495 3143 tua
1525 3078 1821 3160 decrevi,
1802 3098 1819 3114 ·
1867 3080 1986 3143 sed
2013 3082 2174 3165 quia
2202 3082 2273 3146 in
2303 3085 2391 3159 te,
2422 3099 2597 3164 prae-

442 3246 599 3296 ‘Sed
616 3246 763 3296 etiam
782 3247 857 3296 uti
877 3245 1095 3296 haberem
1116 3246 1468 3310 Rempublicam
1487 3244 1763 3309 cognitam,
1795 3251 1844 3294 et
1871 3246 2108 3308 cognitum
2129 3245 2346 3301 haberem
2365 3251 2600 3312 qnantum

380 3310 697 3376 Respublica
708 3317 865 3376 posset
885 3312 1009 3361 domi
1032 3316 1079 3360 et
1096 3312 1303 3374 militiae,
1318 3312 1485 3374 amis,
1503 3310 1640 3374 viris,
1658 3310 1910 3374 opulentia.

1378 3441 1592 3492 NOTAE

444 3545 469 3571 ⁸
501 3538 594 3602 Il]
660 3534 888 3598 Nemini,
928 3539 1018 3602 qui
1041 3544 1312 3604 utramque
1336 3553 1445 3588 ora·
1527 3552 1676 3588 versa
1700 3553 1792 3587 sua
1831 3537 2048 3588 consilia
2083 3537 2216 3587 veris
2256 3543 2596 3606 anteponant,

381 3616 591 3678 tionem,
605 3628 695 3663 seu
713 3614 985 3676 epistolam
1008 3616 1215 3678 legerit,
1233 3614 1443 3664 dubium
1527 3615 1793 3679 bonosque
1817 3615 2035 3678 agitent.

380 3707 498 3744 esse
522 3696 714 3756 potest,
737 3690 861 3754 quin
885 3689 998 3738 liaec
1018 3691 1161 3753 prior
1184 3692 1266 3740 sit.
1591 3690 1617 3724 ἅ
1651 3691 2048 3756 Modestiamque]
2082 3691 2270 3756 Iniqua
2291 3692 2596 3758 plerumque

446 3769 469 3803 ὓ
506 3767 690 3832 Copia]
764 3767 1047 3817 Maximam
1091 3765 1222 3817 facit
1265 3781 1446 3816 consu·
1527 3766 1788 3815 hominum
1801 3765 2008 3830 judicia
2024 3774 2078 3816 et
2097 3781 2392 3830 perversam
2416 3768 2596 3818 volun-

378 3845 525 3896 lendi
565 3842 923 3893 difficultatem
963 3846 1315 3892 consultorum
1358 3857 1448 3891 nu·
1529 3849 1694 3893 tatem
1716 3842 2060 3906 experiuntur
2077 3844 2164 3907 qui
2188 3843 2302 3892 aliis
2325 3844 2596 3894 consulere

382 3937 571 3983 merus,
596 3921 719 3969 dum
759 3917 1070 3982 ignarissimi
1108 3919 1447 3983 loquacitate,
1529 3924 1800 3983 satagunt:
1837 3919 2072 3983 adeoque
2111 3919 2245 3969 viam
2289 3919 2388 3969 sibi
2427 3920 2596 3970 munit

382 4003 479 4047 aut
508 4011 669 4061 pravo
705 3996 898 4058 studio,
930 3995 1179 4045 bonorum
1210 3997 1447 4046 consulta
1527 3995 1816 4058 Sallustius,
1839 4008 1905 4043 ne
1944 4009 2039 4059 per
2067 3995 2467 4058 imprudentiam
2502 4001 2596 4046 aut

274 4109 281 4118 .
384 4074 723 4135 depravatum
744 4077 891 4122 eunt.
1526 4071 1904 4136 impudentiam
1947 4072 2146 4124 Caesari
2195 4071 2462 4122 consilium
2505 4070 2596 4122 de

449 4153 474 4180 θ
509 4146 661 4210 Quia]
725 4129 865 4198 Hi'nc
886 4145 949 4198 fit
968 4152 1031 4200 ut
1060 4146 1289 4215 imperiti
1328 4161 1447 4214 per·
1529 4148 1670 4200 disse
1690 4147 1947 4200 videatur.
