2930 4758
406 278 551 351 8³6
1109 292 1175 345 c.
1222 290 1470 341 cmsrt
1516 290 1918 343 sannuu'ru

412 436 775 503 litudinem.
862 435 983 501 Sic
1014 435 1099 501 de
1134 434 1351 500 Ponto
1382 432 1768 513 Sallustius,
1795 433 1970 499 unde
1999 432 2112 501 hic
2141 434 2296 500 tulit
2319 432 2641 501 colorem.

310 555 317 566 '
417 537 601 605 Nam
626 540 922 625 speciem
949 538 1155 607 efficit
1184 537 1484 621 Scythici
1512 556 1728 601 arcus.
1789 533 1968 599 Serv.
1997 534 2087 599 ad
2117 534 2270 601 AEn.
2303 551 2421 603 ιιι.

406 706 411 711 ,
677 647 698 676 ‘
717 676 889 693 ---
936 641 1135 706 Freta
1162 640 1301 705 lata
1324 639 1658 705 relucent-³

312 754 321 761 ’
507 746 683 811 Lata
710 748 932 809 autem
958 744 1132 821 ide0,
1176 742 1339 825 quia
1366 761 1441 805 se
1468 740 1800 823 angustiat
1831 740 2102 807 Pontici
2129 742 2270 807 oris
2297 742 2440 809 illic
2465 741 2642 809 dila-

408 852 585 927 .,tant
615 846 712 912 uti
739 846 907 911 dicit
934 846 1315 911 Sallustius.
1358 842 1534 909 Serv.

504 951 694 1016 Teia·
724 957 946 1014 autem
996 948 1180 1012 dicta
1224 951 1324 1011 est
1371 965 1412 1010 a
1467 945 1638 1013 Teio
1669 944 2112 1012 Anacreontis
2143 944 2382 1012 Poetae
2414 944 2643 1031 Lyrici

406 1052 700 1137 oppido,
752 1050 930 1136 quod
982 1053 1049 1115 in
1071 1046 1570 1133 Paphlagonia
1611 1068 1762 1113 esse
1791 1048 2150 1115 Sallustius
2175 1048 2457 1128 indicat,
2483 1068 2642 1115 cum

418 1154 503 1228 de
532 1156 668 1219 situ
699 1152 1341 1235 Pontico.loquitur.·
1371 1148 1712 1215 Commeat.
1739 1150 1811 1214 in
1842 1148 2084 1213 Horat.

408 1294 426 1307 ο
506 1256 723 1321 Porro
774 1255 1131 1321 Sallustius
1178 1260 1409 1319 auctor
1456 1255 1864 1319 certissimus
1912 1248 2166 1331 asserit,
2201 1258 2339 1319 tam
2382 1254 2638 1337 Tigris,

412 1355 1057 1521 Jumffssphrafis·
1038 1374 1107 1419 m
1137 1352 1458 1420 Armenia
1485 1353 1698 1420 fontes
1727 1354 2194 1485 demonstrari.
2263 1354 2533 1421 Hieron.
2561 1354 2644 1421 de

444 1468 571 1521 ocis

414 1616 421 1623 .
508 1562 682 1629 Cum
728 1562 920 1629 multi
968 1560 1303 1628 evaserint
1348 1560 1717 1651 'Pi-ojanum
1759 1562 2188 1647 periculum,
2233 1552 2334 1626 uti
2379 1496 2644 1646 Capys,

421 1666 541 1752 qui
570 1665 1009 1751 Campaniam
1039 1665 1281 1745 tenuit;
1326 1672 1401 1727 ut
1428 1664 1760 1743 Helenus,
1812 1664 1928 1748 qui
1957 1669 2032 1730 ut
2057 1664 2198 1744 alii,
2197 1658 2236 1699 f
2229 1662 2644 1740 Sarffiniam,

418 1766 787 1836 secundum
817 1766 1223 1833 Sallustium.
1262 1714 1453 1831 ’Set-v.

509 1871 961 1937 Sallustianus
990 1867 1416 1952 Calpurnius.
1467 1864 1738 1930 Hieron.
1768 1863 1856 1929 ad
1883 1864 2054 1952 Rus.

418 2018 431 2029 .
510 1971 942 2056 Calpurniani
970 1972 1306 2055 discipuli.
1356 1967 1533 2033 Idem
1557 1968 1820 2033 ibidem?
1861 1998 1870 2005 ·

509 2073 793 2138 Tamenss
822 2074 1090 2155 vulgata
1117 2074 1261 2157 jam
1281 2092 1385 2137 res
1406 2076 1513 2136 est
1534 2072 1872 2156 gentilium
1903 2072 2409 2157 proprietatum.
2507 2062 2644 2141 Go-

418 2174 583 2241 mici
612 2175 915 2261 Phrygas
944 2174 1213 2261 timidos
1242 2174 1547 2239 illudunt.
1629 2174 1990 2241 Sallustius
2008 2192 2220 2240 vanos
2249 2173 2557 2258 Mauros,
2577 2182 2646 2243 et

418 2278 679 2345 feroces
710 2278 1065 2343 Dalmatas
1090 2275 1370 2361 pulsat.¹²
1419 2274 1683 2341 Tertull.
1713 2274 1790 2342 de
1819 2275 2052 2340 anima.
2250 2288 2260 2295 ”

332 2463 337 2466 ¹
509 2381 905 2448 Sarcasmus
936 2376 1331 2448 Chlevasmo
1356 2378 1674 2466 proxima
1718 2385 1843 2456 est,
1887 2385 1952 2444 et
1981 2381 2218 2446 similis
2243 2381 2477 2466 figura,
2507 2401 2645 2467 qua

424 2479 955 2552 adversariorum
980 2484 1184 2562 facta,
1210 2501 1362 2548 cum
1382 2485 1894 2550 exacerbatione
1915 2471 2195 2548 admissi
2222 2485 2638 2553 lacessimus.

424 2583 523 2650 Ut
552 2584 736 2670 aputl
767 2585 1159 2650 Sallustium
1189 2584 1271 2649 de
1301 2584 1509 2668 Syllae
1542 2584 1947 2651 crudelitate.
2033 2585 2134 2650 Ut
2178 2587 2247 2650 in
2275 2585 2379 2651 M.
2413 2585 2640 2650 Mario

424 2705 579 2752 eum
604 2689 815 2752 fracta
839 2688 1029 2770 prius
1058 2704 1252 2752 crura
1294 2705 1416 2770 per
1454 2692 1638 2752 artus
1667 2688 2026 2772 expiraret.
2055 2681 2227 2752 ·Ju1.
2259 2683 2645 2771 Rufinianus

425 2785 503 2850 de
531 2785 855 2852 schematis
884 2788 1099 2854 lexeos.
1691 2775 1698 2784 ’

512 2889 1052 2980 Mesopotameni
1100 2892 1397 2956 homines
1442 2891 1796 2958 effroenatae
1843 2893 2164 2961 lubidinis
2193 2897 2365 2972 sunt,
2400 2897 2468 2958 ut
2496 2891 2648 2958 Sal-

423 2993 671 3057 lustius
699 2992 1001 3058 meminit
1026 2993 1097 3056 in
1124 2995 1407 3076 utroque
1435 3013 1624 3060 sexu.
1675 2991 1910 3060 Glossae
1941 2994 2011 3060 in
2044 2993 2444 3060 Juvenalem.

512 3091 865 3162 Antoniusi
890 3095 1005 3160 ille
1028 3097 1225 3160 trium
1254 3093 1692 3160 Antoniorum
1721 3104 2086 3181 corruptor,
2116 3099 2228 3162 ille
2257 3097 2643 3174 Sallustius,

425 3197 544 3281 qui
584 3217 723 3263 orae
764 3197 1081 3262 maximoe
1114 3217 1249 3281 qua
1279 3197 1666 3262 Romanum
1695 3205 1876 3264 esset
1902 3201 2250 3282 imperium
2277 3198 2644 3263 contrarius

426 3300 688 3382 piratis.
776 3299 852 3363 Si
897 3319 1139 3364 omnes·
1158 3302 1387 3365 socios
1434 3305 1502 3363 et
1544 3301 1840 3365 maxime
1870 3301 2152 3366 Graecos
2181 3299 2532 3366 Asiaticos
2561 3319 2645 3364 ac

426 3399 693 3466 Siculos
714 3401 995 3466 fortunis
1022 3403 1331 3466 omnibus
1360 3402 1832 3485 spoliaverunt.
1885 3401 2133 3466 Eaedem
2169 3401 2426 3468 Glossae.

514 3501 915 3568 Σαλλουστίου
945 3505 1001 3568 δὲ
1030 3503 1318 3586 θαυμάζω,
1347 3503 1478 3567 τότε
1505 3510 1719 3590 πρῶτον
1765 3501 1946 3582 ὦφθαι
1991 3495 2292 3588 Ῥωμαίοις
2322 3505 2640 3589 καμήλους,

1438 3639 1663 3689 NOTAE

438 3805 445 3814 ,
491 3759 514 3785 0
538 3749 829 3814 Periculum]
863 3749 1086 3800 Quando
1106 3750 1272 3815 Troja
1293 3765 1324 3800 a
1346 3743 1501 3800 Graess
1571 3753 1707 3802 modo
1727 3751 1928 3802 iwioem
1960 3753 2056 3802 sibi
2075 3755 2290 3818 quedam
2324 3753 2494 3804 innata
2524 3752 2650 3804 vitio

427 3821 501 3878 cis
526 3840 705 3877 eversa
721 3831 820 3875 est.
1568 3828 1732 3892 populi
1747 3825 2047 3892 exprobrent.

491 3893 515 3934 f
550 3899 617 3952 Ut
631 3893 739 3964 alii]
796 3903 951 3954 Quod
974 3903 1057 3953 hic
1094 3904 1275 3954 deesse
1296 3905 1493 3956 clarum
1637 3895 1665 3937 ¹¹
1701 3903 1893 3968 Pateat]
1934 3905 2142 3969 Arg-uit,
2175 3906 2350 3956 Notat.

426 3985 609 4042 est,ex
624 3972 747 4028 loco
770 3979 1022 4044 superiori
1044 3980 1223 4044 quide
1243 3981 1343 4030 hac
1376 3980 1496 4044 ipsa
1635 3979 1650 4012 ¹
1680 3980 1943 4045 Antonius]
2004 3982 2242 4032 Pessime
2301 3982 2648 4048 depuratum

430 4068 487 4103 re
510 4053 639 4117 agit,
659 4047 813 4104 filcile
832 4070 1128 4119 cognosces.
1574 4064 1655 4108 est
1671 4057 1812 4108 istud
1834 4055 2203 4124 fragmentum.

494 4135 521 4172 ί
560 4123 757 4192 Tamen]
812 4128 877 4180 Id
912 4139 1011 4198 est,
1030 4147 1187 4197 omnes
1206 4132 1361 4184 scium
1381 4147 1490 4200 quo·
1797 4125 1806 4132 ’
