2930 4758
27 658 37 699 [

26 762 33 803 ἶ

1062 280 1145 329 m
1192 280 1702 333 nannus‘rrum.
2365 266 2500 335 3⁷1
2557 352 2586 361 -

274 420 679 504 efferebariS,
706 428 802 504 ut,
842 442 997 508 qnae
1026 424 1177 508 ipse
1206 427 1474 509 corpori
1501 433 1618 492 tuo
1647 428 1870 511 turpia
1897 444 2033 493 non
2057 426 2394 509 duxisses,
2423 431 2496 496 in

272 530 433 597 aliis
458 529 881 613 experireris.
970 526 1084 592 Ita
1112 546 1246 591 non
1272 532 1374 592 est
1401 528 1599 593 facile
1637 536 1987 613 exputare,
2037 531 2120 594 P.
2151 530 2232 595 C.
2277 537 2494 597 utrum

274 631 833 697 inhonestioribus
862 630 1161 713 corporis
1190 632 1496 713 partibus
1515 652 1657 697 rem
1679 632 2042 715 quaesierit,
2066 652 2154 697 an
2175 634 2491 699 amiserit.

282 732 579 799 Domum
634 737 973 815 paternam
1020 732 1181 797 vivo
1230 737 1419 816 patre
1464 734 1844 817 turpissime
1889 735 2194 799 venalem
2235 734 2488 814 habuit,

280 833 599 901 vendidit.
686 834 776 901 Et
820 836 931 899 cui
974 835 1248 901 dubium
1293 841 1518 918 potest
1561 856 1730 915 esse,
1778 838 1940 919 quin
1988 838 2159 903 mori
2205 837 2495 919 coegerit

282 956 464 1015 eum,
494 956 629 1021 quo
652 937 763 1003 hic
792 936 1083 1003 nondum
1111 941 1373 1003 mortuo
1404 958 1527 1021 pro
1572 937 1842 1003 haerede
1883 940 2163 1022 gesserit
2191 940 2414 1004 omnia
2434 942 2496 1005 ’Β

280 1038 531 1125 Neque
572 1038 781 1124 pudet
810 1058 855 1103 a
884 1058 989 1103 me
1030 1059 1179 1104 eum
1227 1060 1542 1123 quaerere,
1591 1043 1744 1125 quis
1791 1042 1860 1105 in
1907 1041 1988 1107 P.
2018 1040 2254 1107 Crassi
2295 1042 2495 1107 domo

280 1141 575 1221 habitet3
650 1160 803 1206 cum
859 1141 1005 1222 ipse
1052 1144 1445 1225 respondere
1493 1162 1628 1215 nou
1675 1150 1900 1228 queat,
1953 1145 2104 1227 quis
2149 1143 2220 1209 in
2273 1144 2496 1228 ipsius

280 1244 531 1311 habitet
556 1247 831 1326 paterna
857 1241 1079 1307 domo.
1166 1242 1264 1308 At
1282 1243 1574 1309 Hercule
1593 1245 1634 1309 i*
1658 1245 1890 1329 lapsus
1913 1246 2136 1309 aetatis
2165 1244 2494 1323 tirocinio,

282 1352 520 1431 postea
548 1364 694 1411 sese
724 1346 1032 1411 correxit.
1142 1345 1299 1411 Non
1327 1348 1425 1413 ita
1450 1354 1590 1414 est:
1611 1374 1618 1381 ·
1637 1349 1757 1413 sed
1787 1348 1954 1413 abiit
1997 1348 2066 1411 in
2115 1346 2496 1411 sodalitium

268 1448 589 1529 ,sacrilegi
620 1447 1010 1529 Nigidiani:
1077 1448 1185 1513 bis
1225 1448 1484 1532 judicis
1531 1450 1619 1515 ad
1659 1449 1982 1515 subsellia
2005 1452 2348 1526 attractus,
2377 1468 2497 1513 ex-

268 1555 493 1615 -trema
520 1550 779 1615 fortuna
806 1552 1028 1617 stetit:
1092 1555 1160 1615 et
1186 1551 1287 1615 ita
1312 1551 1646 1629 discessit,
1693 1552 1794 1617 uti
1839 1569 1971 1615 non
2019 1549 2130 1615 hic
2177 1549 2494 1615 innocens

266 1670 457 1730 esse,
488 1650 609 1717 sed
631 1651 897 1735 judices
926 1652 1287 1738 pejerasse,
1314 1652 1876 1717 existimarentur.
1965 1651 2266 1715 Primum
2293 1652 2498 1717 hono-

266 1772 425 1822 :rem
483 1756 553 1821 iu
610 1762 952 1837 quaestura
1006 1754 1319 1837 adeptus,
1375 1754 1549 1818 huno
1597 1754 1820 1819 locum
1869 1758 1937 1819 et
1979 1753 2156 1817 hunc
2201 1751 2497 1818 ordinem

280 1856 633 1941 despexit:
700 1857 896 1940 cujus
944 1857 1163 1924 aditus
1205 1856 1339 1923 sibi
1388 1875 1680 1940 quoque,
1711 1854 2177 1921 sordidissimo
2223 1854 2494 1930 homini,

284 1959 635 2043 patuisset.
724 1959 957 2043 Itaque
989 1950 1255 2037 time'nS,
1286 1978 1369 2023 ne
1398 1958 1866 2043 facinora-ejus
1893 1958 2070 2025 clam
2097 1976 2225 2023 vos
2251 1960 2495 2031 essent,
2571 1957 2578 1965 '

286 2078 445 2129 cum
473 2062 783 2125 omnibus
808 2066 1093 2125 matrum
1122 2062 1523 2127 familiarum
1545 2061 1706 2125 viris
1731 2058 2092 2144 opprobrio
2117 2064 2321 2136 esset,
2339 2076 2496 2123 con-

266 2160 503 2231 fessus
548 2167 673 2239 est,
718 2161 915 2227 vobis
972 2161 1425 2241 audientibus,
1483 2161 1916 2243 adulterium3
1977 2179 2196 2244 neque
2239 2158 2497 2225 erubuit

262 2282 411 2333 ‚ota
440 2269 685 2330 vestra.

373 2364 675 2446 Vixeris,
706 2368 802 2432 uti
853 2367 1040 2446 libet,
1094 2368 1417 2451 Sallusti:
1485 2348 1719 2451 θέοι-ξε,
1751 2385 1902 2451 quae
1934 2362 2264 2444 volueris:
2329 2361 2496 2430 satis

282 2469 398 2547 sit,
428 2488 631 2538 unum
681 2476 746 2534 te
796 2475 1055 2536 tuorum
1102 2474 1427 2539 scelerum
1469 2471 1810 2536 conscium
1851 2486 2041 2548 esse:
2115 2465 2253 2530 noli
2301 2465 2497 2530 nobis

280 2571 691 2654 languorem,
738 2577 807 2638 et
856 2591 1169 2654 soporem
1210 2574 1486 2644 nimium
1533 2570 1962 2653 exprobrare.
2055 2565 2302 2630 Sumus
2347 2563 2498 2630 dili-

281 2680 511 2757 gentes
538 2674 606 2738 in
648 2674 899 2740 tuenda
924 2674 1251 2756 pudicitia
1286 2693 1568 2739 uxorum
1597 2677 2009 2738 nostrarum:
2077 2668 2195 2731 sed
2239 2667 2335 2732 ita
2375 2685 2497 2730 ex·-

264 2777 565 2860 -perrecti
594 2795 723 2840 non
752 2794 1003 2851 sumus,
1028 2783 1107 2840 ut
1150 2795 1195 2839 a
1237 2781 1303 2839 te
1332 2793 1568 2840 cavere
1596 2771 1951 2856 possimus.
2037 2766 2354 2834 Audacia
2381 2772 2498 2833 tua

283 2876 499 2944 vincit
542 2876 765 2942 studia
810 2882 1063 2940 nostra.
1153 2874 1433 2959 Ecquod
1483 2874 1656 2938 hunc
1703 2890 1964 2936 movere
2009 2870 2248 2954 possit,
2298 2869 2380 2934 P.
2414 2867 2493 2933 C.

264 2976 533 3046 sactum
580 2996 667 3044 ac
716 2976 965 3048 dictum
1014 2984 1227 3060 turpe,
1280 2994 1481 3058 quem
1529 2993 1660 3044 non
1714 2973 1954 3056 puduit
2003 2970 2252 3054 palam,
2303 2970 2496 3035 vobis

286 3077 729 3156 audientibus,
782 3077 1174 3141 adulterium
1220 3075 1514 3138 confiteri
1536 3076 1567 3138 ‘t
1643 3071 1848 3150 Quod
1895 3071 1958 3136 si
2005 3070 2172 3134 nihil
2215 3089 2340 3154 pro
2386 3089 2494 3146 me

285 3180 408 3244 tibi
455 3179 848 3263 respondere
908 3177 1341 3256 voluissem3.
1374 3174 1492 3238 sod
1540 3173 1704 3237 illud
1761 3173 2131 3237 censorium
2181 3170 2500 3254 elogium*

278 3277 425 3362 Ap.
456 3278 745 3358 Claudii,
796 3286 863 3344 et
912 3279 989 3344 L.
1021 3273 1346 3356 Pisonis,¹’
1390 3275 1956 3358 integerrimorum
2001 3273 2314 3350 virorum,
2359 3291 2494 3356 quo

284 3401 449 3447 usus
472 3387 575 3448 est
602 3383 885 3468 quisque
914 3399 1165 3459 eorum,
1190 3397 1315 3463 pro
1343 3379 1490 3461 lege
1507 3377 1736 3461 palam
1757 3377 2086 3442 universis
2107 3377 2494 3442 recitarem:

1281 3616 1499 3669 NOTAE

352 3769 381 3798 ⁸
416 3763 517 3812 Pro
532 3764 715 3814 herede
732 3765 938 3827 gesserit
958 3763 1139 3826 omnia]
1162 3763 1225 3814 Id
1246 3769 1348 3827 est,
1434 3761 1504 3812 sis
1527 3761 1722 3812 Senatu
1741 3767 1908 3811 motus
1929 3763 2010 3811 est
2026 3757 2318 3810 Sallustius.

260 3838 423 3925 seim·
442 3839 763 3890 hereditariis
778 3841 1003 3910 omnibus,
1022 3845 1247 3904 tanquam
1266 3843 1349 3890 do·
1497 3836 1524 3872 ὓ
1569 3841 1695 3902 App.
1733 3838 1940 3901 Claudii,
1975 3841 2024 3886 et
2059 3836 2120 3886 L.
2159 3833 2372 3897 Pisonis]
2423 3831 2499 3886 Hi

286 3929 458 3978 m,
480 3929 593 3964 utu
608 3917 691 3968 eit.
1432 3915 1558 3977 duo,
1591 3915 1798 3964 AEmilio
1822 3914 1988 3965 Paulo
2018 3918 2074 3962 et
2119 3911 2334 3962 Claudio
2358 3909 2499 3962 Mar·

351 3997 373 4024 ⁸
402 3990 474 4040 At
498 3991 726 4054 Hercule]
794 3993 971 4044 Itonia
990 3999 1091 4044 est.
1434 3990 1570 4041 cello
1613 3989 1940 4056 Consulibus,
1985 4001 2255 4040 censuram
2286 4000 2498 4054 gravem

257 4103 267 4111 .
350 4072 377 4107 β
408 4067 657 4130 Blucium]
720 4068 1041 4120 Testificatio
1058 4075 1141 4120 est
1163 4069 1353 4120 Censo-
1402 4071 1796 4132 exer-cuorum·

287 4157 403 4198 rum
427 4142 819 4210 vituperationi·
840 4159 1017 4211 cauas,
1044 4159 1163 4198 cum
1178 4146 1253 4198 ab
1272 4146 1351 4213 ip·
