2930 4758
1066 272 1556 335 rmennum,
1605 272 1750 321 mn.
1798 274 1882 321 n.
2283 328 2291 335 ,
2441 250 2574 323 296

454 416 588 481 Sed
618 414 927 481 Metellus
957 416 1025 479 in
1054 419 1343 482 vulnere.
1435 414 1608 479 Don.
1638 424 1771 483 act.
1803 436 1872 481 v.
1903 438 1996 482 sc.
2021 418 2085 483 2.
2117 417 2288 482 Ληᾱ.

452 519 683 583 Primo
734 519 968 585 incidit
1020 520 1184 584 forte
1234 540 1351 603 per
1404 526 1661 603 noctem
1700 522 1770 584 in
1812 519 2189 587 renunculos
2231 522 2572 605 piscantis,

370 618 541 684 Non.

455 722 565 788 Ad
593 725 721 789 hoc
766 745 989 809 pauca
1017 726 1321 808 piraticae
1352 726 1648 809 adjungit
1679 728 2006 791 actuariag
2029 726 2320 809 navigia.
2397 724 2572 789 Idem

366 824 433 887 in
468 820 773 887 Piraticae
805 823 1130 890 naviculas.

456 925 699 991 Omnia
725 926 1013 991 sacratah
1040 948 1324 1011 corpora
1342 930 1409 991 in
1439 934 1648 993 ratem
1673 932 2092 1015 imposuisse.
2185 929 2252 993 A
2257 929 2490 993 rusian.

458 1029 631 1093 Suos
661 1034 915 1113 equites
936 1031 1238 1095 hortatus
1266 1032 1441 1096 vado
1472 1034 1867 1098 transmittit.
1961 1031 2158 1097 Idem.

448 1130 605 1194 ¹Ictu
635 1143 857 1196 eorum
901 1135 1018 1215 qui
1065 1135 1130 1195 in
1177 1134 1443 1198 flumine
1487 1135 1784 1214 ruebant,
1815 1137 2242 1199 necabantur.
2330 1131 2573 1197 Donat.

314 1272 327 1281 -
367 1230 635 1315 Adelph.
669 1240 795 1297 act.
831 1251 941 1296 111.
973 1255 1068 1298 sc,
1102 1234 1167 1297 2.

458 1333 905 1398 Circumventi
934 1334 1186 1412 dextra,
1216 1335 1387 1398 unde
1416 1335 1655 1423 ferrum
1699 1343 1859 1416 erat,
1889 1356 2084 1417 saxa,
2117 1344 2232 1403 aut
2258 1340 2418 1424 quid
2447 1340 2578 1403 tale

370 1437 576 1518 capiti
609 1430 1004 1517 affligebant.
1093 1434 1396 1499 Arusian.

456 1537 592 1601 Sed
644 1538 954 1603 Metellus
997 1540 1066 1601 in
1111 1538 1419 1656 ulteriore
1449 1540 1816 1623 provincia.
1908 1535 2151 1603 Donat.
2195 1539 2280 1602 ad
2313 1538 2578 1606 ΡΙιονηι.

371 1644 498 1711 act.
534 1658 578 1702 1.
610 1660 703 1704 sc.
732 1638 799 1704 4.

460 1734 775 1806 Immane
788 1747 1105 1826 quantum
1138 1736 1344 1807 animi
1372 1761 1702 1807 exarsere.
1775 1739 1942 1808 Non.
1973 1746 1994 1777 ‘
2023 1762 2262 1809 nomen
2283 1746 2580 1829 positum

369 1864 493 1927 pro
527 1844 884 1908 adverbio?

461 1944 556 2009 At
584 1944 699 2010 illii
728 1948 971 2030 quibus
999 1966 1105 2009 res
1136 1946 1480 2027 incognita
1525 1950 1690 2023 erat,
1716 1944 1896 2009 ivere
1945 1948 2167 2011 cuncti
2216 1949 2302 2012 ad
2352 1954 2583 2033 portas

370 2049 709 2131 incognita
738 2048 1011 2112 tendere.
1108 2046 1283 2112 Serv.
1318 2045 1395 2111 F.
1432 2045 1668 2110 Ursini.

464 2149 732 2213 Murum
762 2151 847 2213 ab
880 2150 1116 2232 angulo
1148 2148 1366 2212 dextri
1413 2149 1638 2213 lateris
1689 2149 1775 2213 ad
1803 2151 2114 2232 paludem
2140 2152 2320 2217 haud
2349 2157 2586 2237 procul

371 2256 691 2315 remotam
720 2250 932 2314 duxit.
1024 2246 1199 2311 Serv.
1235 2246 1504 2311 Fuldan.
1633 2264 1636 2267 ’

1370 2451 1592 2502 NOTAE

440 2579 773 2643 fRenunculo]
840 2582 1019 2630 Carrio
1070 2581 1204 2630 hanc
1251 2594 1435 2630 vocem
1521 2577 1742 2642 piendos
1768 2584 1925 2642 aptae.

375 2672 473 2722 pro
506 2657 713 2721 navigio
754 2658 1035 2722 piscatorio
1056 2657 1285 2706 Gellium
1306 2655 1438 2705 acci·
1583 2651 1608 2686 ¹²
1626 2654 1853 2716 Sacrata]
1885 2652 2042 2704 Morti
2062 2658 2108 2704 et
2131 2653 2247 2704 Diis
2263 2653 2489 2706 Manibus
2509 2659 2588 2708 de-

376 2747 505 2798 pere
528 2734 689 2794 dicit3
722 2735 833 2796 sed,
867 2735 921 2782 in
954 2734 1113 2784 Genii
1154 2733 1438 2798 codic-ibus,
1517 2735 1644 2781 vota.

376 2812 671 2860 remanentne
724 2810 981 2872 scribitur,
1028 2818 1083 2860 et
1122 2826 1215 2874 pro
1264 2825 1327 2860 eo
1376 2811 1438 2860 le-
1587 2806 1812 2869 1Atina]
1877 2808 1941 2856 In
1983 2808 2164 2858 Servio
2208 2809 2458 2876 Danielis,
2497 2815 2588 2878 qui

378 2888 630 2937 nauculam
654 2887 837 2949 reponi
853 2886 1047 2937 volunt.
1104 2887 1441 2936 Lenunculus
1523 2887 1757 2936 Fuldano
1798 2887 2129 2949 praestantior
2167 2893 2266 2951 est,
2307 2889 2404 2938 hoc
2450 2889 2588 2957 frag.

378 2969 521 3012 certe
544 2963 735 3025 navigii
772 2975 935 3026 genus
971 2969 1087 3022 θεῖς
1123 2970 1177 3012 at
1206 2963 1315 3011 siue
1337 2976 1440 3010 ma·
1523 2971 1751 3012 mentum
1775 2962 1848 3010 ita
1870 2963 2088 3026 legitur:
2113 2963 2183 3011 At
2205 2963 2282 3010 illi
2294 2964 2461 3026 quibus
2481 2970 2590 3018 ade-

378 3039 757 3102 nuscriptorum
788 3039 1101 3088 auctoritate
1139 3053 1240 3088 non
1280 3039 1441 3088 ausim
1523 3045 1653 3100 rant,
1669 3053 1806 3086 ruere
1826 3038 1984 3085 cuncti
1999 3038 2504 3100 adportas‚inoonaita
2521 3048 2590 3092 te-

300 3131 314 3142 ·
377 3129 557 3164 vocem
577 3115 797 3178 aliquam
814 3115 1204 3163 extraLatinam
1216 3115 1441 3178 linguam
1521 3130 1661 3164 nere.-
1694 3129 1760 3162 ex
1787 3129 1886 3177 quc
1923 3121 2166 3177 corrupte
2206 3114 2259 3163 in
2293 3115 2391 3183 ino·
2421 3117 2588 3169 altero

380 3191 663 3240 eliminare.
1519 3191 1647 3240 iver-e
1690 3204 1787 3253 pro
1831 3203 1967 3238 ruere
2020 3189 2245 3253 positum
2289 3203 2421 3256 esse,
2463 3191 2590 3244 mihi

446 3275 473 3310 ⁸
495 3265 749 3328 Actuaria]
816 3267 991 3316 Naves
1028 3271 1177 3316 erant
1216 3267 1440 3326 veloces,
1523 3265 1749 3332 quidem,
1769 3265 1962 3316 clarum
1981 3263 2204 3316 videtur.

382 3345 449 3398 ad
464 3344 708 3412 impetus,
730 3349 787 3394 et
803 3357 1057 3409 recursus,
1071 3341 1341 3408 flexusque
1358 3357 1443 3392 ca-
