2930 4758
473 301 560 394 36
850 309 856 318 “
1287 313 1388 365 na
1431 311 1854 365 sanusne

1343 543 1430 610 Et
1451 547 1528 611 in
1557 545 1802 610 Probo.

565 682 838 748 Et'mihi
866 681 1136 768 quidem
1163 680 1236 746 id
1263 681 1473 746 animi
1513 679 1667 754 fuit,
1695 697 1828 742 uon
1870 682 1947 742 ut
1992 673 2379 754 Sallustios,
2418 677 2693 760 uvius,

380 811 392 826 .
473 784 1322 867 Tacitos‚-'1:rogos‚atquo
1351 801 1581 847 omnes
1612 780 2089 844 disertissimos
2136 779 2432 844 iuu‘tarer
2466 781 2693 869 viius,

471 887 588 952 sed
621 885 914 952 Marium
944 884 1348 962 Maximum,
1379 883 1773 948 Suetonium
1800 881 2283 964 Tranquillum,
2310 885 2434 948 &m

1337 1053 1426 1118 Et
1449 1055 1569 1118 lib.
1602 1069 1686 1118 11.
1713 1053 1823 1119 13.

565 1191 770 1270 Quod
799 1191 1062 1277 quidem
1089 1209 1220 1254 non
1243 1187 1413 1271 fugit
1436 1187 1771 1252 hominem
1802 1203 2093 1270 nequam
2122 1181 2536 1265 Sallustium,
2564 1186 2697 1271 qui

477 1296 604 1360 ait:
652 1297 673 1328 ‘
702 1292 838 1357 Sed
865 1293 1079 1357 omnis
1119 1297 1344 1355 nostra
1387 1290 1493 1353 vis
1536 1289 1607 1352 in
1658 1289 1879 1353 animo
1926 1293 1995 1352 et
2040 1307 2317 1372 corpore
2368 1288 2497 1352 sita
2544 1294 2696 1369 θείς

475 1395 675 1460 animi
699 1395 1004 1478 imperio,
1049 1392 1349 1476 corporis
1396 1392 1666 1456 servitio
1712 1392 1927 1474 magis
1971 1389 2250 1454 utimur!
2338 1387 2577 1467 Recte,
2630 1391 2693 1455 si

475 1499 575 1561 ita
601 1496 883 1560 vixisset
908 1501 982 1561 ut
1009 1495 1267 1560 locutus
1295 1500 1432 1574 est;
1463 1494 1734 1559 servivit
1755 1495 1931 1557 enim
1959 1490 2348 1556 foedissimis
2375 1491 2694 1576 volupta-

475 1599 682 1677 tibus,
713 1615 1030 1685 suamque
1057 1597 1205 1680 ipse
1231 1595 1630 1661 sententiam
1656 1595 1816 1670 vitae
1844 1593 2171 1681 pravitate
2199 1593 2529 1662 dissolvit.

1364 1781 1774 1848 Lactantius

560 1917 935 1995 Sallustius,
963 1915 1164 1981 homo
1194 1915 1515 1982 eruditus·
1791 1873 1795 1880 ι

1498 2101 1600 2177 ‚Et
1617 2124 1634 2168 τ

565 2236 949 2315 SallustiuS,
976 2237 1174 2302 homo
1223 2257 1535 2323 nequam,
1577 2240 1711 2303 ait:
1759 2241 1781 2271 ‘
1813 2237 1949 2304 Sed
1979 2238 2197 2304 omnis
2222 2244 2447 2305 nostra
2471 2241 2579 2324 vis
2614 2241 2691 2305 in

475 2341 696 2405 animo
723 2342 790 2403 et
819 2357 1096 2423 corpore
1125 2340 1254 2405 sita
1275 2345 1420 2406 est:
1467 2339 1671 2403 animi
1714 2338 2012 2423 imperio,
2058 2341 2356 2426 corporis
2408 2341 2691 2411 servitio

475 2440 685 2524 magis
714 2439 955 2504 utimur
973 2438 1012 2520 ;’
1054 2447 1251 2518 recte,
1285 2442 1345 2503 si
1390 2441 1487 2504 ita
1528 2441 1811 2505 vixisset
1834 2446 1909 2505 ut
1936 2442 2201 2506 loeutus
2226 2446 2365 2522 est}
2406 2442 2691 2508 servivit

475 2544 651 2607 enim
676 2540 1068 2607 foedissimis
1091 2542 1568 2627 voluptatibus,
1586 2562 1905 2626 suamque
1931 2545 2079 2627 ipse
2108 2543 2497 2607 sententiam
2518 2543 2687 2609 vitae

477 2646 808 2727 pravitate
837 2644 1166 2710 dissolvit.

609 2830 1064 2914 Hieronymus
1087 2831 1158 2894 in
1186 2832 1481 2915 epitaph.
1511 2809 1948 2913 Neapolitani
1975 2830 2067 2895 ad
2099 2820 2566 2897 Heliodorum.

571 2964 810 3049 Neque
839 2965 1013 3029 enim
1041 2965 1359 3049 proposui
1385 2964 1735 3061 historiam
1762 2966 2069 3042 scribere,
2100 2965 2219 3029 sed
2251 2970 2507 3030 nostras
2534 2964 2689 3029 bre-

477 3068 645 3133 viter
672 3066 828 3131 flere
857 3066 1186 3145 miseriaS,
1236 3068 1532 3150 alioquin
1574 3066 1807 3130 merito
1852 3066 1941 3130 ad
1974 3067 2129 3131 haec
2175 3066 2577 3151 explicanda
2614 3072 2691 3132 et

478 3167 908 3254 Thucydides
937 3175 1005 3234 et
1031 3168 1386 3235 Sallustius
1415 3169 1581 3233 muti
1608 3169 1759 3234 sint.

989 3355 1080 3421 Et
1102 3356 1221 3420 lib.
1255 3373 1308 3421 1.
1338 3354 1657 3421 adversus
1684 3353 2135 3426 Jovinianum.

565 3488 803 3555 Cicero
828 3493 1103 3571 rogatus
1131 3490 1216 3553 ab
1249 3489 1502 3567 Hir-tie,
1531 3493 1605 3552 ut
1632 3494 1785 3571 post
1810 3489 2155 3572 repudium
2194 3488 2543 3568 Terentiae,
2573 3508 2688 3559 so—

473 3610 687 3656 rorem
720 3590 868 3673 ejus
911 3591 1198 3666 duceret,
1246 3590 1516 3654 omnino
1570 3589 1696 3654 hoe
1747 3590 1966 3654 faeere
2014 3591 2408 3673 supersedit,
2449 3592 2684 3659 dicens

476 3712 610 3757 non
635 3712 836 3776 posse
867 3693 1055 3775 uxori
1080 3712 1152 3755 se
1179 3695 1247 3754 et
1277 3688 1738 3775 Philosophiae
1769 3693 2015 3774 pariter
2044 3712 2314 3775 operam
2343 3693 2540 3774 dare;
2568 3693 2689 3763 illa

471 3790 736 3857 interim
764 3793 1054 3876 conjunx
1083 3793 1360 3875 egregia,
1391 3799 1459 3857 et
1488 3814 1640 3878 quae
1670 3794 1751 3857 de
1771 3794 2061 3858 fontibus
2089 3794 2416 3859 Tullianis
2443 3796 2689 3877 hause-

473 3900 579 3959 rat
607 3894 1024 3976 sapientiam,
1053 3894 1285 3983 nupsit
1324 3894 1649 3961 Sallustio
1677 3896 1951 3961 inimico
1977 3897 2150 3980 eJUS,
2180 3902 2246 3962 et
2273 3898 2465 3961 tertio
2494 3894 2686 3961 Mes·

465 3994 637 4083 salae
669 3993 986 4072 Corvino,
1017 4000 1097 4065 et,
1112 3997 1302 4079 quasi
1333 4016 1452 4080 per
1481 3996 1809 4083 quosdam
1850 3996 2095 4083 gradus
2138 3997 2529 4082 eloquentiae
2564 3996 2683 4063 de-

475 4092 704 4159 voluta
731 4100 854 4160 est.
