2930 4758
2442 288 2575 354 2⁵77

365 460 620 538 repeto·
707 451 1006 532 Scilicet,
1035 452 1195 535 quia
1219 464 1351 517 non
1389 452 1575 515 aliter
1616 450 1789 515 salvi
1832 448 2141 530 satisque
2172 448 2301 511 tuti
2345 446 2413 510 in
2450 447 2574 511 im-

369 557 556 639 perio
605 556 808 631 eritis,
853 553 982 617 nisi
1027 552 1291 617 Vettius
1341 551 1611 627 PicenS,
1664 551 1918 615 scriba*
1962 547 2307 613 Cornelius
2356 549 2575 613 aliena

369 658 540 721 bene
584 662 816 739 parata
863 655 1316 738 prodegerint:
1374 654 1503 717 nisi
1548 652 2083 735 approbaveritis
2132 668 2363 714 omnes
2418 668 2573 732 pro-

371 759 772 841 scriptiones
825 756 1266 833 innoxiorum‚
1325 756 1410 819 ob
1468 752 1741 819 divitias
1756 752 1807 835 3²³
1878 754 2209 817 cruciatus
2278 752 2573 815 virorum

369 858 760 937 illustrium;
809 862 1067 923 vastam
1111 857 1340 921 urbem
1387 856 1549 938 fuga
1590 860 1659 920 et
1708 856 2044 936 caedibus3
2096 857 2277 919 bona
2326 852 2574 917 civium

349 961 777 1037 ·miserorum,
825 958 1022 1041 quasi
1080 956 1505 1022 Cimbricam⁰
1562 958 1882 1040 praedam,
1939 977 2177 1023 venum
2234 961 2348 1019 aut
2397 954 2573 1018 dono

369 1060 611 1125 datam.
702 1060 797 1125 At
828 1062 1116 1144 objectat
1140 1059 1303 1122 mihi
1332 1060 1901 1141 possessionesaeex
1944 1060 2139 1123 bonis
2166 1057 2572 1140 proscripto-

349 1182 550 1227 rum:
593 1164 773 1247 quod
812 1162 1080 1245 quidem
1123 1162 1448 1225 scelerum
1491 1162 1667 1225 illius
1715 1162 1821 1227 vel
1867 1162 2233 1224 maximum
2276 1165 2416 1235 ests
2440 1176 2573 1220 non

363 1286 498 1343 me,
544 1284 757 1348 neque
801 1283 1172 1347 quenquam
1213 1264 1502 1328 omnium
1542 1264 1709 1328 satis
1756 1268 1971 1328 tutum
2013 1262 2247 1340 fuisse,
2288 1262 2347 1325 si
2394 1262 2573 1323 recte

364 1362 784 1432 faceremus.<¹
865 1363 1090 1447 Atque
1118 1365 1238 1429 illa
1269 1384 1420 1446 quae
1468 1372 1603 1427 tum
1646 1364 1995 1429 formidine
2039 1369 2366 1447 mercatus
2396 1380 2571 1438 sum,

368 1462 580 1550 pretio
637 1468 892 1531 soluto:
951 1466 1126 1550 jure⁶
1182 1465 1467 1529 dominis
1526 1468 1776 1529 tamen.
1804 1466 2117 1545 restitum
2166 1484 2373 1547 neque
2396 1510 2403 1517 -
2428 1462 2571 1546 pati

1063 289 1551 368 ruminum,
1600 304 1747 355 mn.
1795 305 1845 354 1.

368 1570 719 1634 consilium
761 1574 890 1646 e'st,
917 1568 1126 1632 ullam
1173 1588 1259 1630 ex
1305 1567 1567 1630 civibus
1614 1566 1939 1651 praedam.
1961 1586 2130 1630 esse.
2218 1566 2401 1629 Satis
2442 1564 2572 1643 ⁸illa
2645 1584 2671 1593 -

364 1670 626 1747 fuerint,⁸
657 1688 808 1753 quae
837 1671 1023 1735 rabie
1054 1674 1398 1733 contracta
1419 1668 1863 1746 toleravimus,
1887 1688 2122 1732 manus
2152 1672 2570 1731 conserentes

364 1774 534 1837 inter
562 1792 636 1837 se
666 1772 1010 1835 Romanos
1039 1773 1392 1848 exercitus»,
1425 1776 1493 1835 et
1534 1790 1726 1835 arma·
1757 1773 1846 1835 ab
1886 1772 2177 1834 externis
2204 1772 2273 1833 in
2312 1770 2572 1834 nosmet

363 1894 580 1940 versa.
669 1874 1004 1937 Scelerum
1031 1878 1097 1936 ct
1125 1873 1673 1937 contumeliarum
1706 1874 1997 1936 omnium
2026 1870 2177 1934 finis
2206 1870 2315 1934 sit.
2382 1866 2568 1945 Quo-

363 1996 506 2041 rum
536 1976 708 2039 adeo
737 1975 988 2059 Syllam
1015 1993 1144 2037 non
1173 1975 1475 2058 poenitet,
1506 1980 1579 2038 ut
1614 1978 1679 2036 et
1704 1972 1885 2037 sacta
1908 1974 1977 2036 in
2003 1966 2237 2053 glorias
2254 1972 2567 2045 numeret,

361 2085 450 2158 et,
481 2081 538 2143 si
580 2080 802 2155 liceat,
835 2078 1103 2142 avidius
1146 2078 1400 2144 fecerit.
1494 2077 1730 2161 Neque
1772 2078 1916 2162 jam
1963 2076 2127 2161 quid
2173 2070 2568 2138 existimetis

365 2182 452 2246 de
476 2183 613 2261 illo,
645 2180 761 2245 sed
805 2188 1123 2263 quantum
1167 2200 1290 2245 vos
1337 2180 1658 2258 audeatiS,
1701 2198 1967 2245 vereor:
2011 2198 2114 2256 ne,
2162 2177 2334 2241 alius
2366 2173 2569 2237 alium

360 2285 725 2369 principem
775 2288 1228 2367 expectanteS,
1283 2288 1434 2347 ante
1487 2283 1888 2365 capiamini;
1932 2300 2061 2346 non
2106 2279 2351 2361 opibus
2399 2276 2569 2360 ejus,

357 2407 518 2470 quae
569 2387 792 2452 futiles
844 2392 910 2450 et
959 2392 1284 2469 corruptae
1334 2393 1507 2462 sunt,
1554 2385 1673 2448 sed
1718 2389 1941 2448 vestra
1987 2381 2319 2455 socordia,
2366 2375 2569 2463 quain

355 2496 632 2572 captum
661 2487 758 2554 ire
785 2489 968 2566 licet,
1000 2492 1066 2551 et
1087 2507 1286 2571 quam
1319 2487 1586 2552 audeatss
1615 2493 1753 2552 tam
1784 2484 1992 2551 videri
2018 2483 2298 2548 felicem.
2387 2479 2569 2544 Nam

1357 2670 1571 2723 NOTAE

333 2825 344 2834 ‚
425 2787 451 2812 ²
481 2778 672 2842 Scriba]
705 2779 792 2828 Ita
825 2779 997 2830 vocati
1017 2786 1138 2830 sunt
1159 2779 1244 2844 qni
1269 2781 1324 2830 in
1347 2786 1422 2830 ta-

359 2856 506 2906 bulas
560 2858 796 2906 rationes.
846 2857 1084 2920 publicas
1149 2857 1422 2908 referrent.

335 2933 594 2994 „Quorum
631 2933 839 2996 quidem
873 2934 1002 2982 ordo
1024 2933 1268 2984 honestus
1291 2940 1424 2996 erat,

360 3007 498 3071 quod
541 3021 718 3057 eorum
760 3009 1018 3060 hominum
1061 3008 1184 3059 fidei
1229 3009 1423 3060 tabulae

355 3082 600 3146 publicae,
643 3084 978 3148 periculaque
1021 3085 1424 3148 Magistratuum

358 3159 775 3222 committuntur,
797 3166 855 3209 ut
872 3159 948 3209 ait
982 3159 1199 3212 Cicero:
1239 3166 1295 3210 at
1317 3159 1424 3210 offi-

357 3235 495 3286 cium
525 3237 912 3300 mercenarium,
939 3251 1036 3286 nec
1067 3238 1242 3300 magni
1275 3238 1423 3287 testi-

355 3309 516 3360 monii
538 3317 632 3361 aut
651 3312 840 3374 pretii;
873 3313 914 3362 si
935 3311 1088 3362 Alex.
1119 3313 1424 3376 Neapolita-

354 3398 443 3447 no,
465 3385 700 3450 aliisque,
721 3386 858 3436 unde
879 3392 935 3436 et
951 3387 1091 3436 istud
1113 3387 1286 3450 colligi
1309 3394 1422 3452 pot-

357 3467 459 3523 est,
500 3461 630 3510 fides
664 3469 746 3512 est
778 3462 1088 3512 adhibenda.
1155 3463 1260 3512 Hic
1297 3478 1421 3512 vero

356 3537 632 3588 Cornelius
673 3545 730 3586 et
767 3537 976 3588 Vettius
1011 3553 1078 3588 ex
1115 3552 1178 3589 eo
1211 3555 1422 3592 numero

353 3613 586 3678 fuerunt,
607 3618 694 3680 qui
727 3617 862 3666 malo
890 3617 1104 3682 publico
1130 3624 1425 3681 creverant,

354 3691 608 3741 satellites
629 3691 784 3754 Syllae
809 3693 1100 3756 tyrannidis
1123 3702 1177 3746 et
1202 3696 1422 3746 crudeli-

354 3765 497 3829 tatis,
531 3773 688 3831 atque
725 3769 857 3818 adeo
891 3769 1115 3821 maxime
1151 3773 1313 3836 exosi,
1343 3778 1420 3835 ut,

335 3842 440 3904 ,vel
463 3855 529 3891 ex
550 3843 648 3892 hoc
672 3845 790 3894 ioco
811 3851 1045 3910 apparet.

418 3915 442 3949 ¹³
467 3917 542 3966 01>
563 3919 780 3982 divitias]
808 3920 960 3971 Dicit
980 3919 1191 3971 divitias
1213 3936 1419 3972 cansam

351 3991 536 4057 fuisse,
567 4001 628 4047 ut
655 3996 851 4048 innoxii
892 4011 1096 4063 qnoque
1130 3997 1419 4061 proscribe-

343 4073 551 4120 rentur.
1067 4109 1074 4116 .

414 4153 440 4180 ι·
461 4145 774 4212 cimbricam]
797 4149 992 4201 Cimbri
1007 4149 1190 4218 populi
1204 4149 1419 4226 fuerunt

1506 2780 1825 2841 Germania,
1860 2793 2019 2844 supra
2055 2777 2304 2836 Saxones,
2342 2775 2409 2825 ad
2438 2775 2568 2840 Sep-

1506 2857 1839 2918 tentrionem,
1857 2855 1911 2904 in
1924 2855 2194 2919 peninsula
2210 2853 2275 2904 ab
2291 2853 2417 2916 ipsis
2436 2852 2571 2904 Cim-

1504 2933 1648 2984 brica
1668 2933 1827 2996 dicta,
1846 2946 1975 2996 quos
2006 2931 2073 2979 ab
2104 2929 2351 2978 extremis
2380 2927 2570 2978 Gallim

1505 3009 1773 3074 profugos,
1792 3023 1909 3058 cum
1923 3005 2205 3054 Thentonis
2223 3009 2279 3052 et
2288 3002 2570 3065 Tigurinis,

1503 3086 1704 3135 Marius
1716 3083 2005 3132 ‘novissime
2024 3078 2343 3129 conciderat.
2360 3109 2365 3112 -

1566 3159 1593 3193 ἃ
1625 3157 1925 3220 Facerem]
1956 3157 2065 3205 Pro
2076 3154 2382 3222 fecissemus:
2412 3153 2490 3204 ita
2510 3161 2568 3206 et

1502 3236 1791 3294 Terentius,
1812 3247 1968 3296 saepe.

1568 3317 1590 3343 θ
1620 3309 1763 3372 Jure]
1796 3303 1999 3357 &ibant
2020 3305 2277 3366 lesfomes
2294 3303 2553 3366 dejure«.

1566 3383 1589 3417 f
1615 3387 1677 3434 In
1695 3383 1877 3447 gloria]
1909 3383 2129 3432 Videtur
2148 3380 2285 3430 adid
2304 3379 2567 3446 respicere

1502 3462 1643 3528 quod
1668 3461 1999 3524 Plutarchus,
2032 3461 2223 3532 palam,
2244 3457 2299 3508 in
2320 3457 2433 3510 foro
2454 3459 2570 3522 Syl-

1499 3542 1603 3590 lam
1639 3540 1848 3601 dixisse,
1882 3544 2124 3600 testatur,
2152 3551 2269 3587 cum
2304 3536 2568 3600 publicum

1502 3615 1799 3682 praesidium
1812 3631 1845 3665 a
1857 3630 1913 3666 se
1925 3614 2222 3676 dimisisset,
2236 3614 2347 3665 Sese
2361 3613 2568 3664 omnim

1499 3715 1531 3748 a
1550 3714 1601 3749 se
1615 3703 1861 3761 gesturum
1878 3711 2035 3746 rerum
2061 3700 2280 3759 paratum
2302 3709 2402 3744 esse
2419 3695 2567 3744 ratio·

1498 3789 1603 3824 nem
1621 3775 1832 3824 reddere.

1564 3858 1590 3893 8
1625 3851 1783 3906 Quam
1803 3849 1999 3912 audeat]
2036 3849 2142 3898 Hic
2164 3846 2359 3912 aliquid
2382 3846 2565 3895 deesse

1500 3931 1706 3990 putant,
1728 3925 1917 3976 deinde
1951 3924 2093 3988 quod
2115 3922 2245 3972 libet
2279 3925 2483 3971 mutant
2504 3927 2565 3970 et

1500 4001 1719 4052 addunt.
1783 3999 2013 4052 Difficile
2036 4011 2137 4048 non
2166 4003 2277 4058 est3
2312 4009 2479 4061 neque
2499 4011 2563 4046 ea

1498 4091 1583 4126 res
1628 4078 1813 4140 agitur.
1896 4073 1971 4123 At
2008 4087 2187 4122 sensns
2226 4072 2397 4122 nullus
2440 4075 2562 4122 ese?

1472 4189 1479 4196 .
1496 4153 1693 4208 Nullus:
1706 4153 1775 4204 sit
1794 4167 1811 4214 ς
1844 4163 1965 4222 nam
1998 4147 2437 4215 melimequidem
2448 4164 2559 4215 ego
