2930 4758
426 402 520 469 10·
540 399 819 485 publico
848 398 1237 464 detineatur:
1274 398 1619 481 juventus·
1647 398 1989 482 probitati,
2019 402 2088 461 et
2113 397 2500 476 industriae,
2529 414 2649 463 non

432 503 781 581 sumtibus,
800 520 1013 584 neque
1028 499 1311 579 divitiis,
1340 500 1630 566 studeat.
1677 500 1762 565 Id
1787 500 1884 565 ita
1907 502 2196 578 eveniet,
2223 501 2289 565 si
2320 501 2652 584 pecuniae,

430 625 587 690 quae
638 605 935 669 maxima
977 603 1269 667 omnium
1321 602 1658 685 pernicies
1709 608 1833 680 est,
1886 601 2112 666 usumb
2163 610 2380 686 atque
2431 603 2654 667 decus‘

430 707 772 771 demseris.
861 705 1048 771 Nam
1094 724 1281 789 saepe
1322 724 1449 788 ego
1497 724 1654 769 cum
1697 706 1922 769 animo
1949 724 2100 769 meo
2126 712 2488 790 reputanS,
2519 708 2656 789 qni·

428 808 559 875 bus
586 810 869 893 quisque
899 808 1095 873 rebus
1114 802 1309 873 cluri‘¹
1334 807 1462 871 viri
1480 806 2002 889 magnitudinem
2021 809 2477 889 invenissent3
2511 829 2654 892 quae

434 928 543 977 res
598 912 889 997 populos
930 912 1316 976 nationesve
1364 910 1624 993 magnis
1675 911 2087 975 auctoribus?
2135 912 2540 991 auxissent3
2587 930 2658 975 ac

434 1012 675 1078 deinde
708 1015 953 1097 quibus
984 1013 1215 1079 causis
1246 1012 1664 1097 amplissima
1690 1010 1914 1095 regna,
1935 1017 2004 1076 et
2029 1000 2341 1097 imperia,
2373 1016 2660 1079 corruis·

434 1120 609 1181 sent:
654 1115 889 1181 eadem
936 1134 1196 1199 semper
1222 1116 1425 1193 bona,
1456 1119 1656 1200 atque
1705 1115 1885 1180 mala
1912 1116 2352 1199 reperiebam,
2405 1134 2660 1179 omnes·

434 1236 566 1301 que
620 1216 911 1281 victores
966 1216 1241 1283 divitias
1308 1217 1766 1297 contemsisse,
1839 1222 1907 1280 et
1971 1212 2214 1281 victosf
2281 1218 2661 1301 cupivisse.

436 1316 677 1402 Neque
728 1318 915 1383 aliter
964 1320 1329 1402 quisquam
1376 1310 1698 1385 extollere
1747 1338 1922 1398 sese,
1975 1323 2044 1383 et
2093 1317 2330 1383 divina
2359 1320 2663 1383 mortalis

434 1419 751 1504 attingere
773 1426 1022 1507 potest,
1052 1422 1209 1501 nisi,
1240 1422 1508 1488 omissis
1547 1421 1856 1506 pecuniae
1903 1426 1972 1485 et
2020 1420 2330 1503 corporis
2367 1421 2662 1503 gaudiiS,

437 1519 661 1587 animo
690 1523 1065 1607 indulgenS,
1092 1543 1229 1589 non
1258 1525 1678 1603 assentando,
1719 1542 1932 1608 neque
1960 1524 2326 1605 concupita
2353 1524 2664 1605 praeben·

436 1624 551 1704 do,
579 1635 993 1709 perversam⁸
1018 1628 1297 1710 gratiam
1326 1626 1737 1710 gratificans3
1775 1625 1896 1691 sed
1921 1626 1994 1691 in
2018 1626 2276 1705 labore,
2304 1626 2660 1709 patientia,

436 1727 764 1813 bonisque
790 1731 1177 1815 praeceptiS,
1208 1736 1274 1795 et
1300 1730 1500 1797 factis
1527 1730 1812 1807 fortibus
1835 1728 2288 1795 exercitando.

527 1828 709 1893 Nam
739 1831 1033 1912 domum,
1060 1838 1178 1898 aut
1206 1834 1433 1898 villam
1460 1838 1784 1911 extruere,
1821 1850 2099 1915 eamque
2127 1830 2365 1912 signis,
2397 1830 2661 1908 aulaeiS,

438 1930 723 2013 aliisque
752 1935 1069 2015 operibus
1096 1955 1435 2014 exornare,
1483 1939 1550 1999 et
1598 1933 1827 1999 omnia-
1866 1933 2117 2017 potius,
2165 1950 2376 2015 quam
2431 1939 2664 2010 semet,

438 2032 787 2097 visendum
816 2034 1111 2115 efficere;
1155 2038 1225 2101 id
1264 2035 1392 2101 estln
1434 2055 1570 2101 non
1613 2036 1888 2101 divitias
1933 2034 2157 2099 decori
2203 2034 2488 2109 habere,
2549 2034 2668 2099 sed

439 2131 661 2216 ipsum
691 2132 827 2198 illis
870 2135 1130 2217 flagitio
1156 2156 1335 2201 esse.
1418 2137 1652 2203 Porro·
1673 2138 1746 2215 ii,
1799 2138 2046 2220 quibus
2073 2136 2182 2199 bis
2209 2134 2322 2200 die
2363 2141 2668 2201 ventrem

440 2253 731 2315 onerare,
760 2239 1008 2303 nullam
1036 2244 1304 2305 noctem
1354 2239 1500 2305 sine
1545 2244 1770 2304 scorto
1797 2239 2138 2323 quiescere
2185 2257 2338 2303 mos
2365 2242 2510 2320 est;
2545 2240 2666 2303 ubi

440 2339 754 2419 animum,
804 2360 1003 2426 quem
1049 2343 1372 2409 dominari
1416 2343 1726 2421 decebat,
1779 2342 2050 2407 servitio
2091 2334 2523 2426 oppressere,
2553 2360 2668 2406 ne·

1214 254 1319 303 An
1364 254 1433 303 C.
1479 252 1846 303 CAESARBM

1448 2499 1660 2551 NOTAE

506 2603 527 2627 ¹
558 2595 636 2645 Ab
674 2599 820 2662 malo]
884 2599 1133 2649 Homines
1180 2611 1302 2648 vero
1345 2614 1508 2664 pravo

1651 2599 1676 2632 ‘¹
1712 2599 1872 2662 Clari]
1959 2599 2021 2648 In
2066 2597 2300 2647 omnibus
2347 2595 2500 2646 libris
2545 2599 2672 2646 clari

441 2671 550 2721 otio
574 2672 783 2736 perditi,
804 2674 915 2724 lues
950 2682 1070 2724 sunt
1101 2681 1159 2724 et
1194 2675 1355 2738 pestis
1390 2675 1508 2725 Rei·
1586 2677 1690 2741 legi
1712 2677 1916 2727 Auctor
1935 2683 2018 2727 est
2039 2677 2367 2726 Carriozuon
2387 2675 2674 2726 clarissimi.

441 2748 685 2810 publicae.

506 2830 531 2856 ⁸
560 2825 820 2888 ducentas]
887 2826 1101 2890 Optime
1147 2828 1367 2892 Auctor,
1420 2831 1509 2895 qui

442 2911 614 2949 rerum
652 2908 812 2964 caput
856 2902 1085 2966 attingit.
1150 2902 1327 2967 Atque
1367 2905 1512 2968 equi-

446 2975 565 3026 dem
603 2977 741 3028 haud
778 2977 917 3028 istud
956 2977 1075 3029 dico
1115 2992 1211 3043 per
1242 2979 1510 3043 impuden-

444 3053 591 3116 tiam,
634 3054 779 3117 quasi
813 3054 868 3104 in
908 3056 1019 3104 viro
1056 3069 1251 3106 summe
1296 3057 1510 3120 politico

442 3129 644 3193 aliquid
698 3130 861 3180 ausim
914 3132 1040 3182 alibi
1096 3132 1508 3196 reprehendam

441 3220 624 3256 verum
648 3208 769 3272 quia
800 3216 1053 3273 quantum
1087 3211 1141 3259 in
1172 3210 1512 3274 juventutem

444 3292 719 3348 peccetur,
738 3286 980 3349 poenitet.

511 3358 534 3392 b
574 3361 747 3424 Usum]
812 3362 935 3412 Non
966 3362 1021 3410 in
1043 3369 1231 3426 totum,
1252 3363 1345 3411 sed
1366 3361 1511 3412 illum

446 3449 602 3502 quem
625 3443 745 3486 ante
766 3437 965 3489 habuit.

514 3519 537 3572 θ,
568 3513 749 3576 Decus]
796 3516 945 3578 Cum,
966 3529 1070 3564 non
1091 3516 1321 3566 homines
1342 3515 1516 3578 modo,

448 3589 544 3641 sed
582 3603 733 3638 omne
772 3590 913 3655 quod
952 3597 1050 3654 est,
1089 3607 1202 3642 esse
1240 3608 1418 3657 porro,
1454 3600 1516 3642 et

446 3666 584 3720 bene
606 3679 719 3715 esse
758 3679 854 3729 per
888 3673 1125 3716 naturam
1155 3675 1374 3732 qumi-at,
1398 3683 1514 3731 pro·

447 3760 571 3796 num
594 3750 676 3793 est
711 3750 769 3792 ut
806 3741 861 3792 id
890 3743 965 3792 illi
1000 3749 1122 3792 ante
1158 3745 1332 3792 omnia
1364 3759 1514 3794 suum

446 3821 667 3882 faciant,
690 3835 783 3885 per
816 3819 953 3884 quod
988 3820 1190 3884 reliqua
1212 3834 1514 3884 comparan-

447 3905 553 3950 tur.
621 3899 703 3948 Ex
726 3911 829 3962 quo
866 3896 1191 3960 perspicuum
1224 3903 1325 3962 est,
1358 3913 1514 3962 quam

448 3974 673 4040 possime
695 3981 753 4022 et
773 3971 1027 4036 flagitiose
1051 3973 1369 4036 Reipublicae
1388 3989 1512 4025 con-

449 4050 645 4112 sulant,
682 4050 769 4114 qui
798 4051 1071 4114 Virtutem,
1108 4051 1371 4116 Honores,
1408 4067 1516 4104 om-

444 4125 539 4178 nis
560 4124 788 4191 deniqne
809 4133 1026 4190 argento
1044 4127 1342 4193 subjiciunt.

1653 2759 1676 2784 θ
1705 2752 2013 2815 Auctoribus]
2076 2752 2140 2801 In
2163 2750 2481 2817 quibusdam
2503 2752 2670 2816 scrip·

1592 2834 1702 2878 tum
1725 2837 1808 2879 est
1827 2828 2139 2892 auctionibus,
2177 2842 2272 2893 pro
2313 2843 2419 2892 quo
2453 2829 2671 2879 Ciacco-

1589 2905 1702 2954 nius
1736 2907 1946 2969 reponit
1966 2905 2197 2965 auctibus,
2233 2905 2414 2969 phrasi
2435 2905 2592 2954 Livio
2615 2912 2673 2954 et

1588 2981 1776 3030 Tacito
1791 2981 2004 3032 usitata.

1655 3053 1678 3086 f
1711 3057 1897 3120 Victus]
1961 3057 2178 3107 Scilicet
2199 3056 2254 3105 in
2273 3056 2340 3105 iis
2357 3071 2666 3121 prognes-us

1591 3131 1829 3196 facimus,
1857 3133 2043 3198 quibus
2077 3133 2454 3184 incumbimusz
2491 3147 2664 3198 neque

1590 3209 1703 3259 fieri
1726 3216 1903 3274 potest
1941 3215 2019 3272 ut,
2055 3209 2144 3274 qui
2182 3208 2409 3258 maximo
2443 3223 2568 3258 cum
2591 3210 2666 3258 la-

1593 3286 1720 3336 bore
1762 3285 2148 3338 accumulandis
2187 3283 2386 3338 divitiis
2439 3284 2665 3346 studuit,

1591 3362 1702 3411 sine
1724 3375 1786 3410 eo
1811 3361 2058 3412 virtutem
2077 3367 2261 3410 nactus
2281 3357 2463 3410 fucrit.

1657 3446 1683 3480 ε
1715 3438 2022 3501 Pernen-nm]
2075 3435 2140 3484 ld
2161 3441 2263 3497 est,
2283 3437 2420 3488 Quo
2437 3437 2556 3500 plus
2579 3435 2666 3484 do·

1592 3514 1717 3564 loris
1736 3519 1798 3564 et
1814 3515 1938 3562 mali
1961 3512 2340 3576 alienantium
2361 3512 2662 3576 voluptatis.

1657 3589 1682 3624 ¹⁸
1716 3591 1779 3640 Ιώ
1791 3590 1886 3653 est]
1953 3591 2165 3640 Utinam
2206 3589 2348 3638 istud
2385 3587 2664 3653 aliqnando

1594 3669 1670 3717 illi
1703 3666 1874 3716 animo
1897 3673 2224 3730 reputarent,
2243 3665 2334 3729 qui
2355 3679 2436 3728 se,
2453 3679 2556 3728 per
2585 3665 2664 3714 di-

1595 3743 1836 3792 vitiarum
1859 3742 2096 3803 abusum,
2129 3755 2234 3790 non
2255 3739 2412 3790 modo
2435 3741 2666 3790 illustre·

1593 3819 1708 3870 fieri
1733 3819 2078 3878 arbitr-autum
2101 3817 2218 3881 sed,
2239 3817 2432 3880 spretis
2453 3818 2668 3882 iusuper

1596 3897 1778 3962 quibus
1799 3895 2011 3960 gloriari
2042 3896 2179 3944 velle
2202 3894 2450 3946 videntur
2479 3894 2666 3958 titulis,

1593 3980 1651 4024 et
1673 3973 1864 4024 Christi
1889 3974 2115 4036 nomine,
2142 3972 2254 4035 ejus
2274 3971 2530 4035 membra,
2549 3983 2666 4020 nn·

1593 4049 1924 4115 guinemque,
1951 4061 2058 4114 -pro
2089 4045 2267 4112 libitu,
2293 4046 2530 4110 pedib-
2539 4057 2664 4112 pro-

1592 4127 1820 4178 colent.
