<?xml version="1.0" encoding="UTF-8"?>
<!DOCTYPE html PUBLIC "-//W3C//DTD XHTML 1.0 Transitional//EN"
    "http://www.w3.org/TR/xhtml1/DTD/xhtml1-transitional.dtd">
<html xmlns="http://www.w3.org/1999/xhtml" xml:lang="en" lang="en">
 <head>
  <title>
</title>
<meta http-equiv="Content-Type" content="text/html;charset=utf-8" />
  <meta name='ocr-system' content='tesseract 3.04.00' />
  <meta name='ocr-capabilities' content='ocr_page ocr_carea ocr_par ocr_line ocrx_word'/>
</head>
<body>
  <div class='ocr_page' id='page_1' title='image "./ccrispisallusti01clergoog_0023.png"; bbox 0 0 2930 4758; ppageno 0'>
   <div class='ocr_carea' id='block_1_1' title="bbox 1039 259 2461 336">
    <p class='ocr_par' dir='ltr' id='par_1_1' title="bbox 1039 259 2461 336">
     <span class='ocr_line' id='line_1_1' title="bbox 1039 259 2461 336; baseline 0.002 -16"><span class='ocrx_word' id='word_1_1' title='bbox 1039 274 1218 323; x_wconf 76' lang='lat' dir='ltr'><strong>vrrA</strong></span> <span class='ocrx_word' id='word_1_2' title='bbox 1265 274 1689 325; x_wconf 67' lang='lat' dir='ltr'><strong>sALLus‘ru.</strong></span> <span class='ocrx_word' id='word_1_3' title='bbox 1719 295 1723 300; x_wconf 79' lang='lat'><strong>.</strong></span> <span class='ocrx_word' id='word_1_4' title='bbox 2038 333 2043 336; x_wconf 46' lang='grc'><strong>,</strong></span> <span class='ocrx_word' id='word_1_5' title='bbox 2320 317 2325 322; x_wconf 91' lang='grc'><em>.</em></span> <span class='ocrx_word' id='word_1_6' title='bbox 2412 259 2461 324; x_wconf 85' lang='grc'><strong>9</strong></span> 
     </span>
    </p>
   </div>
   <div class='ocr_carea' id='block_1_2' title="bbox 237 419 2523 2132">
    <p class='ocr_par' dir='ltr' id='par_1_2' title="bbox 237 419 2523 2132">
     <span class='ocr_line' id='line_1_2' title="bbox 258 419 2461 507; baseline 0 -21"><span class='ocrx_word' id='word_1_7' title='bbox 258 421 364 501; x_wconf 79' lang='lat' dir='ltr'><strong>bit</strong></span> <span class='ocrx_word' id='word_1_8' title='bbox 389 421 478 484; x_wconf 81' lang='lat' dir='ltr'><strong>ab</strong></span> <span class='ocrx_word' id='word_1_9' title='bbox 499 419 728 486; x_wconf 88' lang='lat' dir='ltr'><strong>eodem</strong></span> <span class='ocrx_word' id='word_1_10' title='bbox 756 420 1166 486; x_wconf 77' lang='lat' dir='ltr'><strong>Praetextato</strong></span> <span class='ocrx_word' id='word_1_11' title='bbox 1191 422 1539 500; x_wconf 87' lang='lat' dir='ltr'><strong>eruditum,</strong></span> <span class='ocrx_word' id='word_1_12' title='bbox 1568 425 1767 507; x_wconf 83' lang='lat' dir='ltr'><strong>atque</strong></span> <span class='ocrx_word' id='word_1_13' title='bbox 1788 422 2172 486; x_wconf 81' lang='lat' dir='ltr'><strong>instructum</strong></span> <span class='ocrx_word' id='word_1_14' title='bbox 2198 442 2215 487; x_wconf 78' lang='lat' dir='ltr'><strong>t</strong></span> <span class='ocrx_word' id='word_1_15' title='bbox 2245 423 2461 488; x_wconf 80' lang='lat' dir='ltr'><strong>maxi-</strong></span> 
     </span>
     <span class='ocr_line' id='line_1_3' title="bbox 265 520 2461 609; baseline 0 -21"><span class='ocrx_word' id='word_1_16' title='bbox 265 542 373 588; x_wconf 89' lang='lat' dir='ltr'><strong>me</strong></span> <span class='ocrx_word' id='word_1_17' title='bbox 401 526 622 588; x_wconf 90' lang='lat' dir='ltr'><strong>autem</strong></span> <span class='ocrx_word' id='word_1_18' title='bbox 643 521 744 588; x_wconf 88' lang='lat' dir='ltr'><strong>M.</strong></span> <span class='ocrx_word' id='word_1_19' title='bbox 768 520 1044 587; x_wconf 85' lang='lat' dir='ltr'><strong>Catonis</strong></span> <span class='ocrx_word' id='word_1_20' title='bbox 1071 521 1409 588; x_wconf 88' lang='lat' dir='ltr'><strong>studiosus</strong></span> <span class='ocrx_word' id='word_1_21' title='bbox 1437 523 1563 586; x_wconf 88' lang='lat' dir='ltr'><strong>fuit</strong></span> <span class='ocrx_word' id='word_1_22' title='bbox 1578 544 1599 587; x_wconf 73' lang='lat' dir='ltr'><strong>t</strong></span> <span class='ocrx_word' id='word_1_23' title='bbox 1642 543 1729 588; x_wconf 80' lang='lat' dir='ltr'><strong>ex</strong></span> <span class='ocrx_word' id='word_1_24' title='bbox 1759 525 1960 609; x_wconf 84' lang='lat' dir='ltr'><strong>cujus·</strong></span> <span class='ocrx_word' id='word_1_25' title='bbox 1978 525 2461 604; x_wconf 84' lang='lat' dir='ltr'><strong>commentariis</strong></span> 
     </span>
     <span class='ocr_line' id='line_1_4' title="bbox 266 623 2464 712; baseline 0 -24"><span class='ocrx_word' id='word_1_26' title='bbox 266 623 471 688; x_wconf 83' lang='lat' dir='ltr'><strong>verba</strong></span> <span class='ocrx_word' id='word_1_27' title='bbox 519 623 872 706; x_wconf 80' lang='lat' dir='ltr'><strong>excerpsit,</strong></span> <span class='ocrx_word' id='word_1_28' title='bbox 937 627 1004 686; x_wconf 89' lang='lat' dir='ltr'><strong>et</strong></span> <span class='ocrx_word' id='word_1_29' title='bbox 1059 624 1234 688; x_wconf 87' lang='lat' dir='ltr'><strong>velut</strong></span> <span class='ocrx_word' id='word_1_30' title='bbox 1281 624 1680 688; x_wconf 86' lang='lat' dir='ltr'><strong>breviarium</strong></span> <span class='ocrx_word' id='word_1_31' title='bbox 1730 624 1821 689; x_wconf 85' lang='lat' dir='ltr'><strong>ad</strong></span> <span class='ocrx_word' id='word_1_32' title='bbox 1873 644 2066 688; x_wconf 86' lang='lat' dir='ltr'><strong>usum</strong></span> <span class='ocrx_word' id='word_1_33' title='bbox 2122 628 2464 712; x_wconf 83' lang='lat' dir='ltr'><strong>proprium</strong></span> 
     </span>
     <span class='ocr_line' id='line_1_5' title="bbox 264 722 2467 810; baseline 0.001 -22"><span class='ocrx_word' id='word_1_34' title='bbox 264 724 529 789; x_wconf 87' lang='lat' dir='ltr'><strong>habuit:</strong></span> <span class='ocrx_word' id='word_1_35' title='bbox 593 725 773 808; x_wconf 88' lang='lat' dir='ltr'><strong>quod</strong></span> <span class='ocrx_word' id='word_1_36' title='bbox 833 723 1154 791; x_wconf 87' lang='lat' dir='ltr'><strong>Octavius</strong></span> <span class='ocrx_word' id='word_1_37' title='bbox 1204 745 1469 808; x_wconf 87' lang='lat' dir='ltr'><strong>quoque</strong></span> <span class='ocrx_word' id='word_1_38' title='bbox 1525 722 1861 808; x_wconf 83' lang='lat' dir='ltr'><strong>Augustus</strong></span> <span class='ocrx_word' id='word_1_39' title='bbox 1916 727 1991 789; x_wconf 77' lang='lat' dir='ltr'><strong>in</strong></span> <span class='ocrx_word' id='word_1_40' title='bbox 2042 727 2323 810; x_wconf 84' lang='lat' dir='ltr'><strong>epistola</strong></span> <span class='ocrx_word' id='word_1_41' title='bbox 2378 725 2467 791; x_wconf 87' lang='lat' dir='ltr'><strong>ad</strong></span> 
     </span>
     <span class='ocr_line' id='line_1_6' title="bbox 271 819 2469 912; baseline 0 -22"><span class='ocrx_word' id='word_1_42' title='bbox 271 825 372 891; x_wconf 89' lang='lat' dir='ltr'><strong>M.</strong></span> <span class='ocrx_word' id='word_1_43' title='bbox 407 824 774 892; x_wconf 87' lang='lat' dir='ltr'><strong>Antonium</strong></span> <span class='ocrx_word' id='word_1_44' title='bbox 799 829 1012 906; x_wconf 81' lang='lat' dir='ltr'><strong>refert,</strong></span> <span class='ocrx_word' id='word_1_45' title='bbox 1055 830 1124 892; x_wconf 90' lang='lat' dir='ltr'><strong>in</strong></span> <span class='ocrx_word' id='word_1_46' title='bbox 1153 849 1286 912; x_wconf 88' lang='lat' dir='ltr'><strong>qua</strong></span> <span class='ocrx_word' id='word_1_47' title='bbox 1312 829 1535 911; x_wconf 90' lang='lat' dir='ltr'><strong>ipsum</strong></span> <span class='ocrx_word' id='word_1_48' title='bbox 1565 825 1947 907; x_wconf 85' lang='lat' dir='ltr'><strong>Antonium,</strong></span> <span class='ocrx_word' id='word_1_49' title='bbox 1992 848 2111 892; x_wconf 90' lang='lat' dir='ltr'><strong>seu</strong></span> <span class='ocrx_word' id='word_1_50' title='bbox 2142 819 2469 894; x_wconf 84' lang='lat' dir='ltr'><strong>insanien-</strong></span> 
     </span>
     <span class='ocr_line' id='line_1_7' title="bbox 270 925 2523 1014; baseline -0 -20"><span class='ocrx_word' id='word_1_51' title='bbox 270 935 406 994; x_wconf 91' lang='lat' dir='ltr'><strong>tem</strong></span> <span class='ocrx_word' id='word_1_52' title='bbox 432 930 747 1014; x_wconf 78' lang='lat' dir='ltr'><strong>increpat,</strong></span> <span class='ocrx_word' id='word_1_53' title='bbox 796 931 974 1014; x_wconf 87' lang='lat' dir='ltr'><strong>quod</strong></span> <span class='ocrx_word' id='word_1_54' title='bbox 1023 950 1108 994; x_wconf 87' lang='lat' dir='ltr'><strong>ea</strong></span> <span class='ocrx_word' id='word_1_55' title='bbox 1134 932 1421 994; x_wconf 88' lang='lat' dir='ltr'><strong>scribere</strong></span> <span class='ocrx_word' id='word_1_56' title='bbox 1447 931 1671 1008; x_wconf 83' lang='lat' dir='ltr'><strong>vellet,</strong></span> <span class='ocrx_word' id='word_1_57' title='bbox 1722 949 1874 1014; x_wconf 81' lang='lat' dir='ltr'><strong>quae</strong></span> <span class='ocrx_word' id='word_1_58' title='bbox 1902 933 2215 995; x_wconf 84' lang='lat' dir='ltr'><strong>mirentur</strong></span> <span class='ocrx_word' id='word_1_59' title='bbox 2244 925 2470 1014; x_wconf 87' lang='lat' dir='ltr'><strong>potius</strong></span> <span class='ocrx_word' id='word_1_60' title='bbox 2518 959 2523 962; x_wconf 96' lang='lat'>·</span> 
     </span>
     <span class='ocr_line' id='line_1_8' title="bbox 271 1031 2474 1116; baseline 0.002 -24"><span class='ocrx_word' id='word_1_61' title='bbox 271 1031 594 1110; x_wconf 87' lang='lat' dir='ltr'><strong>homines,</strong></span> <span class='ocrx_word' id='word_1_62' title='bbox 643 1053 842 1115; x_wconf 88' lang='lat' dir='ltr'><strong>quam</strong></span> <span class='ocrx_word' id='word_1_63' title='bbox 876 1053 1029 1116; x_wconf 86' lang='lat' dir='ltr'><strong>quae</strong></span> <span class='ocrx_word' id='word_1_64' title='bbox 1077 1033 1495 1115; x_wconf 85' lang='lat' dir='ltr'><strong>intelligant.·</strong></span> <span class='ocrx_word' id='word_1_65' title='bbox 1550 1033 1688 1104; x_wconf 89' lang='lat' dir='ltr'><strong>Sed</strong></span> <span class='ocrx_word' id='word_1_66' title='bbox 1732 1033 1990 1097; x_wconf 87' lang='lat' dir='ltr'><strong>interim</strong></span> <span class='ocrx_word' id='word_1_67' title='bbox 2042 1032 2129 1095; x_wconf 91' lang='lat' dir='ltr'><strong>ad</strong></span> <span class='ocrx_word' id='word_1_68' title='bbox 2173 1032 2474 1096; x_wconf 77' lang='lat' dir='ltr'><strong>Sallustii</strong></span> 
     </span>
     <span class='ocr_line' id='line_1_9' title="bbox 275 1133 2477 1218; baseline 0.001 -22"><span class='ocrx_word' id='word_1_69' title='bbox 275 1135 800 1199; x_wconf 77' lang='lat' dir='ltr'><strong>commentarios,</strong></span> <span class='ocrx_word' id='word_1_70' title='bbox 889 1134 1262 1200; x_wconf 84' lang='lat' dir='ltr'><strong>Historiam</strong></span> <span class='ocrx_word' id='word_1_71' title='bbox 1291 1135 1671 1218; x_wconf 85' lang='lat' dir='ltr'><strong>composuit</strong></span> <span class='ocrx_word' id='word_1_72' title='bbox 1691 1134 1772 1197; x_wconf 93' lang='lat' dir='ltr'><strong>de</strong></span> <span class='ocrx_word' id='word_1_73' title='bbox 1804 1134 1883 1199; x_wconf 88' lang='lat' dir='ltr'><strong>L.</strong></span> <span class='ocrx_word' id='word_1_74' title='bbox 1905 1133 2213 1198; x_wconf 79' lang='lat' dir='ltr'><strong>Catilinae</strong></span> <span class='ocrx_word' id='word_1_75' title='bbox 2246 1133 2477 1217; x_wconf 80' lang='lat' dir='ltr'><strong>conju-</strong></span> 
     </span>
     <span class='ocr_line' id='line_1_10' title="bbox 273 1215 2504 1328; baseline 0.003 -30"><span class='ocrx_word' id='word_1_76' title='bbox 273 1235 532 1299; x_wconf 82' lang='lat' dir='ltr'><strong>ratione</strong></span> <span class='ocrx_word' id='word_1_77' title='bbox 559 1241 785 1312; x_wconf 83' lang='lat' dir='ltr'><strong>contra</strong></span> <span class='ocrx_word' id='word_1_78' title='bbox 816 1237 905 1302; x_wconf 85' lang='lat' dir='ltr'><strong>R.</strong></span> <span class='ocrx_word' id='word_1_79' title='bbox 939 1238 1288 1314; x_wconf 83' lang='lat' dir='ltr'><strong>Senatum,</strong></span> <span class='ocrx_word' id='word_1_80' title='bbox 1331 1242 1398 1300; x_wconf 92' lang='lat' dir='ltr'><strong>et</strong></span> <span class='ocrx_word' id='word_1_81' title='bbox 1425 1238 1581 1300; x_wconf 90' lang='lat' dir='ltr'><strong>item</strong></span> <span class='ocrx_word' id='word_1_82' title='bbox 1610 1235 1693 1300; x_wconf 88' lang='lat' dir='ltr'><strong>de</strong></span> <span class='ocrx_word' id='word_1_83' title='bbox 1721 1237 1897 1328; x_wconf 80' lang='lat' dir='ltr'><strong>bello</strong></span> <span class='ocrx_word' id='word_1_84' title='bbox 1942 1215 2309 1318; x_wconf 69' lang='lat' dir='ltr'><strong>Jugurtfiae,</strong></span> <span class='ocrx_word' id='word_1_85' title='bbox 2358 1231 2504 1318; x_wconf 71' lang='lat' dir='ltr'><strong>qui4</strong></span> 
     </span>
     <span class='ocr_line' id='line_1_11' title="bbox 237 1335 2479 1421; baseline -0 -20"><span class='ocrx_word' id='word_1_86' title='bbox 237 1417 242 1421; x_wconf 25' lang='grc' dir='ltr'>Ι</span> <span class='ocrx_word' id='word_1_87' title='bbox 275 1335 616 1401; x_wconf 78' lang='lat' dir='ltr'><strong>Numidiae</strong></span> <span class='ocrx_word' id='word_1_88' title='bbox 673 1359 794 1400; x_wconf 78' lang='lat' dir='ltr'><strong>rex</strong></span> <span class='ocrx_word' id='word_1_89' title='bbox 847 1339 1086 1417; x_wconf 81' lang='lat' dir='ltr'><strong>factuS,</strong></span> <span class='ocrx_word' id='word_1_90' title='bbox 1161 1341 1276 1404; x_wconf 88' lang='lat' dir='ltr'><strong>diu</strong></span> <span class='ocrx_word' id='word_1_91' title='bbox 1337 1345 1567 1404; x_wconf 83' lang='lat' dir='ltr'><strong>contra</strong></span> <span class='ocrx_word' id='word_1_92' title='bbox 1625 1339 1967 1404; x_wconf 88' lang='lat' dir='ltr'><strong>Romanos</strong></span> <span class='ocrx_word' id='word_1_93' title='bbox 2030 1345 2285 1403; x_wconf 87' lang='lat' dir='ltr'><strong>strenue</strong></span> <span class='ocrx_word' id='word_1_94' title='bbox 2340 1359 2479 1401; x_wconf 85' lang='lat' dir='ltr'><strong>rem</strong></span> 
     </span>
     <span class='ocr_line' id='line_1_12' title="bbox 275 1437 2480 1523; baseline 0 -21"><span class='ocrx_word' id='word_1_95' title='bbox 275 1437 505 1520; x_wconf 85' lang='lat' dir='ltr'><strong>gessit.</strong></span> <span class='ocrx_word' id='word_1_96' title='bbox 595 1438 966 1503; x_wconf 85' lang='lat' dir='ltr'><strong>Historiam</strong></span> <span class='ocrx_word' id='word_1_97' title='bbox 1009 1447 1330 1522; x_wconf 80' lang='lat' dir='ltr'><strong>praeterea</strong></span> <span class='ocrx_word' id='word_1_98' title='bbox 1379 1440 1461 1502; x_wconf 89' lang='lat' dir='ltr'><strong>de</strong></span> <span class='ocrx_word' id='word_1_99' title='bbox 1504 1439 1958 1507; x_wconf 85' lang='lat' dir='ltr'><strong>Romanorum</strong></span> <span class='ocrx_word' id='word_1_100' title='bbox 2004 1442 2227 1523; x_wconf 83' lang='lat' dir='ltr'><strong>gestiS,</strong></span> <span class='ocrx_word' id='word_1_101' title='bbox 2277 1444 2350 1504; x_wconf 91' lang='lat' dir='ltr'><strong>ut</strong></span> <span class='ocrx_word' id='word_1_102' title='bbox 2397 1439 2480 1502; x_wconf 86' lang='lat' dir='ltr'><strong>de</strong></span> 
     </span>
     <span class='ocr_line' id='line_1_13' title="bbox 277 1538 2481 1624; baseline -0.001 -18"><span class='ocrx_word' id='word_1_103' title='bbox 277 1538 522 1617; x_wconf 69' lang='lat' dir='ltr'><strong>Mariti,</strong></span> <span class='ocrx_word' id='word_1_104' title='bbox 551 1547 618 1604; x_wconf 93' lang='lat' dir='ltr'><strong>et</strong></span> <span class='ocrx_word' id='word_1_105' title='bbox 647 1541 854 1618; x_wconf 84' lang='lat' dir='ltr'><strong>Sulla,</strong></span> <span class='ocrx_word' id='word_1_106' title='bbox 882 1559 1133 1604; x_wconf 89' lang='lat' dir='ltr'><strong>necnon</strong></span> <span class='ocrx_word' id='word_1_107' title='bbox 1159 1540 1244 1604; x_wconf 90' lang='lat' dir='ltr'><strong>de</strong></span> <span class='ocrx_word' id='word_1_108' title='bbox 1273 1541 1600 1624; x_wconf 87' lang='lat' dir='ltr'><strong>Pompeio</strong></span> <span class='ocrx_word' id='word_1_109' title='bbox 1630 1547 1858 1605; x_wconf 82' lang='lat' dir='ltr'><strong>contra</strong></span> <span class='ocrx_word' id='word_1_110' title='bbox 1883 1559 2100 1623; x_wconf 83' lang='lat' dir='ltr'><strong>regem</strong></span> <span class='ocrx_word' id='word_1_111' title='bbox 2132 1541 2481 1605; x_wconf 85' lang='lat' dir='ltr'><strong>Mithrida·</strong></span> 
     </span>
     <span class='ocr_line' id='line_1_14' title="bbox 278 1641 2481 1726; baseline 0 -21"><span class='ocrx_word' id='word_1_112' title='bbox 278 1647 446 1706; x_wconf 87' lang='lat' dir='ltr'><strong>tem:</strong></span> <span class='ocrx_word' id='word_1_113' title='bbox 493 1641 675 1723; x_wconf 88' lang='lat' dir='ltr'><strong>quod</strong></span> <span class='ocrx_word' id='word_1_114' title='bbox 704 1660 878 1723; x_wconf 89' lang='lat' dir='ltr'><strong>opus</strong></span> <span class='ocrx_word' id='word_1_115' title='bbox 903 1641 1090 1704; x_wconf 88' lang='lat' dir='ltr'><strong>libris</strong></span> <span class='ocrx_word' id='word_1_116' title='bbox 1132 1642 1386 1726; x_wconf 85' lang='lat' dir='ltr'><strong>aliquot</strong></span> <span class='ocrx_word' id='word_1_117' title='bbox 1430 1663 1473 1706; x_wconf 88' lang='lat' dir='ltr'><strong>a</strong></span> <span class='ocrx_word' id='word_1_118' title='bbox 1522 1643 1841 1708; x_wconf 85' lang='lat' dir='ltr'><strong>Sallustio</strong></span> <span class='ocrx_word' id='word_1_119' title='bbox 1876 1642 2253 1706; x_wconf 86' lang='lat' dir='ltr'><strong>absolutum</strong></span> <span class='ocrx_word' id='word_1_120' title='bbox 2282 1642 2481 1706; x_wconf 77' lang='lat' dir='ltr'><strong>tradi-</strong></span> 
     </span>
     <span class='ocr_line' id='line_1_15' title="bbox 267 1731 2505 1827; baseline 0.001 -20"><span class='ocrx_word' id='word_1_121' title='bbox 267 1747 411 1822; x_wconf 82' lang='lat' dir='ltr'><strong>tur,</strong></span> <span class='ocrx_word' id='word_1_122' title='bbox 437 1749 502 1807; x_wconf 88' lang='lat' dir='ltr'><strong>et</strong></span> <span class='ocrx_word' id='word_1_123' title='bbox 528 1744 744 1808; x_wconf 87' lang='lat' dir='ltr'><strong>adhuc</strong></span> <span class='ocrx_word' id='word_1_124' title='bbox 775 1748 1128 1826; x_wconf 85' lang='lat' dir='ltr'><strong>supersunt</strong></span> <span class='ocrx_word' id='word_1_125' title='bbox 1155 1744 1491 1825; x_wconf 90' lang='lat' dir='ltr'><strong>quaedam,</strong></span> <span class='ocrx_word' id='word_1_126' title='bbox 1520 1745 1724 1823; x_wconf 60' lang='lat' dir='ltr'><strong>veluti</strong></span> <span class='ocrx_word' id='word_1_127' title='bbox 1755 1745 2229 1808; x_wconf 84' lang='lat' dir='ltr'><strong>absolutissimi</strong></span> <span class='ocrx_word' id='word_1_128' title='bbox 2260 1731 2505 1827; x_wconf 52' lang='lat' dir='ltr'><strong>operis?</strong></span> 
     </span>
     <span class='ocr_line' id='line_1_16' title="bbox 280 1843 2487 1926; baseline 0.001 -16"><span class='ocrx_word' id='word_1_129' title='bbox 280 1845 602 1926; x_wconf 76' lang='lat' dir='ltr'><strong>reliquiae,</strong></span> <span class='ocrx_word' id='word_1_130' title='bbox 635 1845 702 1907; x_wconf 91' lang='lat' dir='ltr'><strong>in</strong></span> <span class='ocrx_word' id='word_1_131' title='bbox 731 1844 972 1926; x_wconf 89' lang='lat' dir='ltr'><strong>quibus</strong></span> <span class='ocrx_word' id='word_1_132' title='bbox 1003 1843 1320 1907; x_wconf 60' lang='lat' dir='ltr'><strong>Sallustii.</strong></span> <span class='ocrx_word' id='word_1_133' title='bbox 1337 1845 1680 1926; x_wconf 83' lang='lat' dir='ltr'><strong>diligentia</strong></span> <span class='ocrx_word' id='word_1_134' title='bbox 1706 1847 1777 1908; x_wconf 92' lang='lat' dir='ltr'><strong>in</strong></span> <span class='ocrx_word' id='word_1_135' title='bbox 1804 1845 2085 1909; x_wconf 88' lang='lat' dir='ltr'><strong>historia</strong></span> <span class='ocrx_word' id='word_1_136' title='bbox 2115 1845 2487 1912; x_wconf 85' lang='lat' dir='ltr'><strong>describen-</strong></span> 
     </span>
     <span class='ocr_line' id='line_1_17' title="bbox 283 1943 2489 2031; baseline 0 -21"><span class='ocrx_word' id='word_1_137' title='bbox 283 1946 395 2024; x_wconf 87' lang='lat' dir='ltr'><strong>da,</strong></span> <span class='ocrx_word' id='word_1_138' title='bbox 451 1955 652 2030; x_wconf 88' lang='lat' dir='ltr'><strong>atque</strong></span> <span class='ocrx_word' id='word_1_139' title='bbox 706 1946 996 2028; x_wconf 81' lang='lat' dir='ltr'><strong>gravitas</strong></span> <span class='ocrx_word' id='word_1_140' title='bbox 1051 1951 1395 2029; x_wconf 84' lang='lat' dir='ltr'><strong>appareat.</strong></span> <span class='ocrx_word' id='word_1_141' title='bbox 1499 1947 1581 2011; x_wconf 92' lang='lat' dir='ltr'><strong>In</strong></span> <span class='ocrx_word' id='word_1_142' title='bbox 1642 1953 1829 2031; x_wconf 90' lang='lat' dir='ltr'><strong>parte</strong></span> <span class='ocrx_word' id='word_1_143' title='bbox 1880 1949 2101 2031; x_wconf 87' lang='lat' dir='ltr'><strong>operis</strong></span> <span class='ocrx_word' id='word_1_144' title='bbox 2145 1947 2235 2026; x_wconf 38' lang='lat' dir='ltr'><strong>‚de</strong></span> <span class='ocrx_word' id='word_1_145' title='bbox 2291 1943 2489 2010; x_wconf 83' lang='lat' dir='ltr'><strong>rebus</strong></span> 
     </span>
     <span class='ocr_line' id='line_1_18' title="bbox 286 2048 2490 2132; baseline -0.002 -18"><span class='ocrx_word' id='word_1_146' title='bbox 286 2049 586 2126; x_wconf 80' lang='lat' dir='ltr'><strong>PuniciS,</strong></span> <span class='ocrx_word' id='word_1_147' title='bbox 628 2053 809 2112; x_wconf 86' lang='lat' dir='ltr'><strong>tanto</strong></span> <span class='ocrx_word' id='word_1_148' title='bbox 835 2049 1038 2112; x_wconf 88' lang='lat' dir='ltr'><strong>animi</strong></span> <span class='ocrx_word' id='word_1_149' title='bbox 1067 2048 1289 2112; x_wconf 90' lang='lat' dir='ltr'><strong>studio</strong></span> <span class='ocrx_word' id='word_1_150' title='bbox 1315 2049 1643 2128; x_wconf 84' lang='lat' dir='ltr'><strong>incubuit,</strong></span> <span class='ocrx_word' id='word_1_151' title='bbox 1673 2054 1749 2112; x_wconf 88' lang='lat' dir='ltr'><strong>ut</strong></span> <span class='ocrx_word' id='word_1_152' title='bbox 1777 2069 1820 2112; x_wconf 88' lang='lat' dir='ltr'><strong>a</strong></span> <span class='ocrx_word' id='word_1_153' title='bbox 1848 2050 2252 2132; x_wconf 87' lang='lat' dir='ltr'><strong>quibusdam</strong></span> <span class='ocrx_word' id='word_1_154' title='bbox 2283 2050 2490 2132; x_wconf 77' lang='lat' dir='ltr'><strong>scrip·</strong></span> 
     </span>
    </p>
   </div>
   <div class='ocr_carea' id='block_1_3' title="bbox 287 2149 2625 2234">
    <p class='ocr_par' dir='ltr' id='par_1_3' title="bbox 287 2149 2625 2234">
     <span class='ocr_line' id='line_1_19' title="bbox 287 2149 2625 2234; baseline -0.001 -18"><span class='ocrx_word' id='word_1_155' title='bbox 287 2152 574 2231; x_wconf 83' lang='lat' dir='ltr'><strong>tum-sit,</strong></span> <span class='ocrx_word' id='word_1_156' title='bbox 625 2171 773 2215; x_wconf 89' lang='lat' dir='ltr'><strong>eum</strong></span> <span class='ocrx_word' id='word_1_157' title='bbox 801 2152 1128 2233; x_wconf 85' lang='lat' dir='ltr'><strong>regionem</strong></span> <span class='ocrx_word' id='word_1_158' title='bbox 1157 2149 1427 2228; x_wconf 86' lang='lat' dir='ltr'><strong>adiisse,</strong></span> <span class='ocrx_word' id='word_1_159' title='bbox 1461 2171 1541 2216; x_wconf 91' lang='lat' dir='ltr'><strong>ac</strong></span> <span class='ocrx_word' id='word_1_160' title='bbox 1571 2152 1892 2233; x_wconf 62' lang='lat' dir='ltr'><strong>maximaj</strong></span> <span class='ocrx_word' id='word_1_161' title='bbox 1918 2152 2189 2215; x_wconf 86' lang='lat' dir='ltr'><strong>solertia</strong></span> <span class='ocrx_word' id='word_1_162' title='bbox 2238 2151 2493 2234; x_wconf 84' lang='lat' dir='ltr'><strong>perlus-</strong></span> <span class='ocrx_word' id='word_1_163' title='bbox 2618 2195 2625 2200; x_wconf 85' lang='lat'><em>-</em></span> 
     </span>
    </p>
   </div>
   <div class='ocr_carea' id='block_1_4' title="bbox 289 2237 2491 2336">
    <p class='ocr_par' dir='ltr' id='par_1_4' title="bbox 289 2237 2491 2336">
     <span class='ocr_line' id='line_1_20' title="bbox 289 2237 2491 2336; baseline -0.002 -17"><span class='ocrx_word' id='word_1_164' title='bbox 289 2257 524 2330; x_wconf 84' lang='lat' dir='ltr'><strong>trasse,</strong></span> <span class='ocrx_word' id='word_1_165' title='bbox 573 2272 708 2336; x_wconf 89' lang='lat' dir='ltr'><strong>quo</strong></span> <span class='ocrx_word' id='word_1_166' title='bbox 753 2253 1002 2336; x_wconf 88' lang='lat' dir='ltr'><strong>majore</strong></span> <span class='ocrx_word' id='word_1_167' title='bbox 1045 2250 1172 2314; x_wconf 88' lang='lat' dir='ltr'><strong>fide</strong></span> <span class='ocrx_word' id='word_1_168' title='bbox 1204 2256 1404 2334; x_wconf 87' lang='lat' dir='ltr'><strong>atque</strong></span> <span class='ocrx_word' id='word_1_169' title='bbox 1458 2237 1679 2327; x_wconf 77' lang='lat' dir='ltr'><strong>officio</strong></span> <span class='ocrx_word' id='word_1_170' title='bbox 1698 2243 2047 2316; x_wconf 69' lang='lat' dir='ltr'><strong>‘vei-&#39;itatem</strong></span> <span class='ocrx_word' id='word_1_171' title='bbox 2090 2252 2491 2335; x_wconf 84' lang='lat' dir='ltr'><strong>exploraret.</strong></span> 
     </span>
    </p>
   </div>
   <div class='ocr_carea' id='block_1_5' title="bbox 291 2350 2641 2436">
    <p class='ocr_par' dir='ltr' id='par_1_5' title="bbox 291 2350 2641 2436">
     <span class='ocr_line' id='line_1_21' title="bbox 291 2350 2641 2436; baseline -0.002 -17"><span class='ocrx_word' id='word_1_172' title='bbox 291 2352 590 2419; x_wconf 83' lang='lat' dir='ltr'><strong>Avienus</strong></span> <span class='ocrx_word' id='word_1_173' title='bbox 619 2361 792 2420; x_wconf 87' lang='lat' dir='ltr'><strong>certe</strong></span> <span class='ocrx_word' id='word_1_174' title='bbox 823 2353 1044 2420; x_wconf 82' lang='lat' dir='ltr'><strong>Rufus</strong></span> <span class='ocrx_word' id='word_1_175' title='bbox 1093 2352 1444 2435; x_wconf 83' lang='lat' dir='ltr'><strong>plurimum</strong></span> <span class='ocrx_word' id='word_1_176' title='bbox 1469 2350 1772 2416; x_wconf 82' lang='lat' dir='ltr'><strong>&#39;Sallustii</strong></span> <span class='ocrx_word' id='word_1_177' title='bbox 1821 2352 2245 2434; x_wconf 83' lang='lat' dir='ltr'><strong>diligentiam,</strong></span> <span class='ocrx_word' id='word_1_178' title='bbox 2296 2358 2495 2436; x_wconf 80' lang='lat' dir='ltr'><strong>atquo</strong></span> <span class='ocrx_word' id='word_1_179' title='bbox 2569 2410 2573 2414; x_wconf 85' lang='lat'><strong>.</strong></span> <span class='ocrx_word' id='word_1_180' title='bbox 2627 2357 2641 2372; x_wconf 83' lang='lat'><em>&#39;</em></span> 
     </span>
    </p>
   </div>
   <div class='ocr_carea' id='block_1_6' title="bbox 292 2452 2536 2636">
    <p class='ocr_par' dir='ltr' id='par_1_6' title="bbox 292 2452 2536 2636">
     <span class='ocr_line' id='line_1_22' title="bbox 293 2452 2536 2548; baseline -0.002 -26"><span class='ocrx_word' id='word_1_181' title='bbox 293 2458 582 2522; x_wconf 89' lang='lat' dir='ltr'><strong>studium</strong></span> <span class='ocrx_word' id='word_1_182' title='bbox 627 2456 1150 2535; x_wconf 82' lang='lat' dir='ltr'><strong>commendavit:</strong></span> <span class='ocrx_word' id='word_1_183' title='bbox 1199 2454 1318 2519; x_wconf 91' lang='lat' dir='ltr'><strong>sed</strong></span> <span class='ocrx_word' id='word_1_184' title='bbox 1363 2458 1430 2517; x_wconf 90' lang='lat' dir='ltr'><strong>et</strong></span> <span class='ocrx_word' id='word_1_185' title='bbox 1474 2454 1754 2531; x_wconf 84' lang='lat' dir='ltr'><strong>Gellius,</strong></span> <span class='ocrx_word' id='word_1_186' title='bbox 1807 2454 1912 2517; x_wconf 86' lang='lat' dir='ltr'><strong>vir</strong></span> <span class='ocrx_word' id='word_1_187' title='bbox 1957 2452 2345 2531; x_wconf 82' lang='lat' dir='ltr'><strong>RomanuS,·</strong></span> <span class='ocrx_word' id='word_1_188' title='bbox 2382 2455 2495 2537; x_wconf 91' lang='lat' dir='ltr'><strong>qui</strong></span> <span class='ocrx_word' id='word_1_189' title='bbox 2531 2540 2536 2548; x_wconf 80' lang='lat'>.</span> 
     </span>
     <span class='ocr_line' id='line_1_23' title="bbox 292 2554 2499 2636; baseline -0.001 -13"><span class='ocrx_word' id='word_1_190' title='bbox 292 2566 590 2624; x_wconf 86' lang='lat' dir='ltr'><strong>veterum</strong></span> <span class='ocrx_word' id='word_1_191' title='bbox 618 2557 1004 2636; x_wconf 83' lang='lat' dir='ltr'><strong>eruditionis</strong></span> <span class='ocrx_word' id='word_1_192' title='bbox 1032 2554 1456 2619; x_wconf 79' lang='lat' dir='ltr'><strong>Aristarchus</strong></span> <span class='ocrx_word' id='word_1_193' title='bbox 1486 2556 1870 2631; x_wconf 87' lang='lat' dir='ltr'><strong>habebatur,</strong></span> <span class='ocrx_word' id='word_1_194' title='bbox 1921 2556 2019 2618; x_wconf 88' lang='lat' dir='ltr'><strong>ita</strong></span> <span class='ocrx_word' id='word_1_195' title='bbox 2064 2554 2147 2619; x_wconf 91' lang='lat' dir='ltr'><strong>de</strong></span> <span class='ocrx_word' id='word_1_196' title='bbox 2195 2555 2499 2622; x_wconf 77' lang='lat' dir='ltr'><strong>Sallustii</strong></span> 
     </span>
    </p>
   </div>
   <div class='ocr_carea' id='block_1_7' title="bbox 296 2654 2653 2743">
    <p class='ocr_par' dir='ltr' id='par_1_7' title="bbox 296 2654 2653 2743">
     <span class='ocr_line' id='line_1_24' title="bbox 296 2654 2653 2743; baseline -0.001 -18"><span class='ocrx_word' id='word_1_197' title='bbox 296 2661 590 2726; x_wconf 78' lang='lat' dir='ltr'><strong>oratione</strong></span> <span class='ocrx_word' id='word_1_198' title='bbox 620 2659 938 2722; x_wconf 74' lang='lat' dir='ltr'><strong>disseritz-</strong></span> <span class='ocrx_word' id='word_1_199' title='bbox 964 2661 984 2690; x_wconf 93' lang='lat'>‘</span> <span class='ocrx_word' id='word_1_200' title='bbox 1015 2656 1397 2739; x_wconf 80' lang='lat' dir='ltr'><strong>Elegantia,&#39;</strong></span> <span class='ocrx_word' id='word_1_201' title='bbox 1425 2657 1666 2740; x_wconf 85' lang='lat' dir='ltr'><strong>inquit,</strong></span> <span class='ocrx_word' id='word_1_202' title='bbox 1717 2660 1737 2689; x_wconf 93' lang='lat'>‘</span> <span class='ocrx_word' id='word_1_203' title='bbox 1769 2656 2501 2743; x_wconf 5' lang='lat' dir='ltr'><strong>Sallustii,pverbormn-</strong></span> <span class='ocrx_word' id='word_1_204' title='bbox 2574 2654 2577 2657; x_wconf 71' lang='grc'><strong>’</strong></span> <span class='ocrx_word' id='word_1_205' title='bbox 2646 2702 2653 2709; x_wconf 86' lang='lat'><em>-</em></span> 
     </span>
    </p>
   </div>
   <div class='ocr_carea' id='block_1_8' title="bbox 298 2757 2501 2850">
    <p class='ocr_par' dir='ltr' id='par_1_8' title="bbox 298 2757 2501 2850">
     <span class='ocr_line' id='line_1_25' title="bbox 298 2757 2501 2850; baseline -0 -24"><span class='ocrx_word' id='word_1_206' title='bbox 298 2782 432 2850; x_wconf 87' lang='lat' dir='ltr'><strong>que</strong></span> <span class='ocrx_word' id='word_1_207' title='bbox 455 2761 790 2837; x_wconf 86' lang='lat' dir='ltr'><strong>facundia,</strong></span> <span class='ocrx_word' id='word_1_208' title='bbox 835 2764 904 2823; x_wconf 89' lang='lat' dir='ltr'><strong>et</strong></span> <span class='ocrx_word' id='word_1_209' title='bbox 929 2757 1225 2823; x_wconf 88' lang='lat' dir='ltr'><strong>novandi</strong></span> <span class='ocrx_word' id='word_1_210' title='bbox 1255 2760 1566 2837; x_wconf 87' lang='lat' dir='ltr'><strong>studium,</strong></span> <span class='ocrx_word' id='word_1_211' title='bbox 1622 2778 1772 2822; x_wconf 88' lang='lat' dir='ltr'><strong>cum</strong></span> <span class='ocrx_word' id='word_1_212' title='bbox 1796 2759 2009 2823; x_wconf 86' lang='lat' dir='ltr'><strong>multa</strong></span> <span class='ocrx_word' id='word_1_213' title='bbox 2034 2778 2307 2842; x_wconf 89' lang='lat' dir='ltr'><strong>prorsus</strong></span> <span class='ocrx_word' id='word_1_214' title='bbox 2332 2761 2501 2825; x_wconf 86' lang='lat' dir='ltr'><strong>invi-</strong></span> 
     </span>
    </p>
   </div>
   <div class='ocr_carea' id='block_1_9' title="bbox 297 2854 2705 2947">
    <p class='ocr_par' dir='ltr' id='par_1_9' title="bbox 297 2854 2705 2947">
     <span class='ocr_line' id='line_1_26' title="bbox 297 2854 2705 2947; baseline -0.002 -17"><span class='ocrx_word' id='word_1_215' title='bbox 297 2866 414 2931; x_wconf 86' lang='lat' dir='ltr'><strong>dia</strong></span> <span class='ocrx_word' id='word_1_216' title='bbox 439 2865 586 2941; x_wconf 87' lang='lat' dir='ltr'><strong>suit,</strong></span> <span class='ocrx_word' id='word_1_217' title='bbox 633 2863 855 2947; x_wconf 85' lang='lat' dir='ltr'><strong>plures</strong></span> <span class='ocrx_word' id='word_1_218' title='bbox 885 2882 1016 2925; x_wconf 88' lang='lat' dir='ltr'><strong>non</strong></span> <span class='ocrx_word' id='word_1_219' title='bbox 1042 2861 1364 2926; x_wconf 90' lang='lat' dir='ltr'><strong>mediocri</strong></span> <span class='ocrx_word' id='word_1_220' title='bbox 1407 2862 1670 2943; x_wconf 83' lang='lat' dir='ltr'><strong>ingenio</strong></span> <span class='ocrx_word' id='word_1_221' title='bbox 1699 2862 1825 2925; x_wconf 86' lang='lat' dir='ltr'><strong>viri</strong></span> <span class='ocrx_word' id='word_1_222' title='bbox 1856 2862 2075 2925; x_wconf 89' lang='lat' dir='ltr'><strong>conati</strong></span> <span class='ocrx_word' id='word_1_223' title='bbox 2102 2866 2254 2924; x_wconf 88' lang='lat' dir='ltr'><strong>sunt</strong></span> <span class='ocrx_word' id='word_1_224' title='bbox 2280 2880 2501 2945; x_wconf 84' lang='lat' dir='ltr'><strong>repre·</strong></span> <span class='ocrx_word' id='word_1_225' title='bbox 2602 2918 2606 2921; x_wconf 10' lang='lat' dir='ltr'><strong>s</strong></span> <span class='ocrx_word' id='word_1_226' title='bbox 2702 2854 2705 2859; x_wconf 71' lang='grc'><strong>’</strong></span> 
     </span>
    </p>
   </div>
   <div class='ocr_carea' id='block_1_10' title="bbox 261 2962 2505 3247">
    <p class='ocr_par' dir='ltr' id='par_1_10' title="bbox 261 2962 2505 3247">
     <span class='ocr_line' id='line_1_27' title="bbox 297 2962 2501 3051; baseline -0.003 -18"><span class='ocrx_word' id='word_1_227' title='bbox 297 2967 577 3033; x_wconf 79' lang='lat' dir='ltr'><strong>bendere</strong></span> <span class='ocrx_word' id='word_1_228' title='bbox 628 2966 968 3051; x_wconf 87' lang='lat' dir='ltr'><strong>pleraque,</strong></span> <span class='ocrx_word' id='word_1_229' title='bbox 1011 2970 1088 3027; x_wconf 90' lang='lat' dir='ltr'><strong>-et</strong></span> <span class='ocrx_word' id='word_1_230' title='bbox 1132 2964 1521 3039; x_wconf 87' lang='lat' dir='ltr'><strong>obtrectare,</strong></span> <span class='ocrx_word' id='word_1_231' title='bbox 1570 2963 1641 3024; x_wconf 90' lang='lat' dir='ltr'><strong>in</strong></span> <span class='ocrx_word' id='word_1_232' title='bbox 1693 2962 1937 3045; x_wconf 89' lang='lat' dir='ltr'><strong>quibus</strong></span> <span class='ocrx_word' id='word_1_233' title='bbox 1989 2962 2187 3046; x_wconf 84' lang='lat' dir='ltr'><strong>plura</strong></span> <span class='ocrx_word' id='word_1_234' title='bbox 2235 2962 2501 3041; x_wconf 77' lang='lat' dir='ltr'><strong>inscite,</strong></span> 
     </span>
     <span class='ocr_line' id='line_1_28' title="bbox 299 3060 2504 3150; baseline -0.003 -16"><span class='ocrx_word' id='word_1_235' title='bbox 299 3075 414 3133; x_wconf 88' lang='lat' dir='ltr'><strong>aut</strong></span> <span class='ocrx_word' id='word_1_236' title='bbox 440 3070 722 3150; x_wconf 86' lang='lat' dir='ltr'><strong>maligne</strong></span> <span class='ocrx_word' id='word_1_237' title='bbox 749 3068 1064 3133; x_wconf 82' lang='lat' dir='ltr'><strong>vellicant</strong></span> <span class='ocrx_word' id='word_1_238' title='bbox 1083 3064 1120 3131; x_wconf 70' lang='grc' dir='ltr'><strong>ι’</strong></span> <span class='ocrx_word' id='word_1_239' title='bbox 1167 3066 1327 3149; x_wconf 89' lang='lat' dir='ltr'><strong>quin</strong></span> <span class='ocrx_word' id='word_1_240' title='bbox 1364 3070 1430 3129; x_wconf 90' lang='lat' dir='ltr'><strong>et</strong></span> <span class='ocrx_word' id='word_1_241' title='bbox 1455 3060 1628 3128; x_wconf 84' lang='lat' dir='ltr'><strong>hunc</strong></span> <span class='ocrx_word' id='word_1_242' title='bbox 1678 3066 2101 3148; x_wconf 79' lang='lat' dir='ltr'><strong>proprietatis</strong></span> <span class='ocrx_word' id='word_1_243' title='bbox 2147 3065 2504 3128; x_wconf 87' lang='lat' dir='ltr'><strong>servantis-</strong></span> 
     </span>
     <span class='ocr_line' id='line_1_29' title="bbox 261 3162 2505 3247; baseline -0.003 -12"><span class='ocrx_word' id='word_1_244' title='bbox 261 3202 266 3209; x_wconf 87' lang='lat'><strong>·</strong></span> <span class='ocrx_word' id='word_1_245' title='bbox 303 3172 546 3235; x_wconf 90' lang='lat' dir='ltr'><strong>simum</strong></span> <span class='ocrx_word' id='word_1_246' title='bbox 572 3175 792 3235; x_wconf 84' lang='lat' dir='ltr'><strong>vocat.</strong></span> <span class='ocrx_word' id='word_1_247' title='bbox 881 3170 1079 3233; x_wconf 86' lang='lat' dir='ltr'><strong>Titus</strong></span> <span class='ocrx_word' id='word_1_248' title='bbox 1127 3172 1347 3231; x_wconf 90' lang='lat' dir='ltr'><strong>autem</strong></span> <span class='ocrx_word' id='word_1_249' title='bbox 1399 3166 1635 3230; x_wconf 88' lang='lat' dir='ltr'><strong>Livius</strong></span> <span class='ocrx_word' id='word_1_250' title='bbox 1681 3171 1817 3229; x_wconf 90' lang='lat' dir='ltr'><strong>tam</strong></span> <span class='ocrx_word' id='word_1_251' title='bbox 1867 3166 2133 3247; x_wconf 90' lang='lat' dir='ltr'><strong>iniquus</strong></span> <span class='ocrx_word' id='word_1_252' title='bbox 2186 3162 2505 3229; x_wconf 86' lang='lat' dir='ltr'><strong>Sallustio</strong></span> 
     </span>
    </p>
   </div>
   <div class='ocr_carea' id='block_1_11' title="bbox 245 3265 2667 3351">
    <p class='ocr_par' dir='ltr' id='par_1_11' title="bbox 245 3265 2667 3351">
     <span class='ocr_line' id='line_1_30' title="bbox 245 3265 2667 3351; baseline -0.007 -12"><span class='ocrx_word' id='word_1_253' title='bbox 245 3346 250 3351; x_wconf 56' lang='grc'>,</span> <span class='ocrx_word' id='word_1_254' title='bbox 303 3273 447 3351; x_wconf 80' lang='lat' dir='ltr'><strong>fuit,</strong></span> <span class='ocrx_word' id='word_1_255' title='bbox 481 3274 680 3337; x_wconf 91' lang='lat' dir='ltr'><strong>sicuti</strong></span> <span class='ocrx_word' id='word_1_256' title='bbox 711 3274 804 3336; x_wconf 86' lang='lat' dir='ltr'><strong>ab</strong></span> <span class='ocrx_word' id='word_1_257' title='bbox 827 3270 1090 3334; x_wconf 88' lang='lat' dir='ltr'><strong>Annaeo</strong></span> <span class='ocrx_word' id='word_1_258' title='bbox 1129 3269 1385 3332; x_wconf 89' lang='lat' dir='ltr'><strong>Seneca</strong></span> <span class='ocrx_word' id='word_1_259' title='bbox 1415 3267 1743 3343; x_wconf 88' lang='lat' dir='ltr'><strong>scribitur,</strong></span> <span class='ocrx_word' id='word_1_260' title='bbox 1772 3272 1846 3330; x_wconf 93' lang='lat' dir='ltr'><strong>ut</strong></span> <span class='ocrx_word' id='word_1_261' title='bbox 1876 3265 2189 3350; x_wconf 76' lang='lat' dir='ltr'><strong>quaed-am</strong></span> <span class='ocrx_word' id='word_1_262' title='bbox 2218 3286 2308 3329; x_wconf 79' lang='lat' dir='ltr'><strong>ex</strong></span> <span class='ocrx_word' id='word_1_263' title='bbox 2340 3266 2509 3331; x_wconf 90' lang='lat' dir='ltr'><strong>His-</strong></span> <span class='ocrx_word' id='word_1_264' title='bbox 2590 3316 2597 3323; x_wconf 92' lang='lat'><strong>.</strong></span> <span class='ocrx_word' id='word_1_265' title='bbox 2662 3282 2667 3289; x_wconf 94' lang='lat'><em>·</em></span> 
     </span>
    </p>
   </div>
   <div class='ocr_carea' id='block_1_12' title="bbox 305 3368 2544 3571">
    <p class='ocr_par' dir='ltr' id='par_1_12' title="bbox 305 3368 2544 3571">
     <span class='ocr_line' id='line_1_31' title="bbox 305 3368 2510 3459; baseline -0.005 -16"><span class='ocrx_word' id='word_1_266' title='bbox 305 3378 478 3443; x_wconf 89' lang='lat' dir='ltr'><strong>toria</strong></span> <span class='ocrx_word' id='word_1_267' title='bbox 503 3374 916 3459; x_wconf 86' lang='lat' dir='ltr'><strong>Thucydidis</strong></span> <span class='ocrx_word' id='word_1_268' title='bbox 957 3373 1295 3449; x_wconf 87' lang='lat' dir='ltr'><strong>translata,</strong></span> <span class='ocrx_word' id='word_1_269' title='bbox 1349 3376 1415 3435; x_wconf 89' lang='lat' dir='ltr'><strong>et</strong></span> <span class='ocrx_word' id='word_1_270' title='bbox 1463 3370 1791 3457; x_wconf 82' lang='lat' dir='ltr'><strong>eleganter</strong></span> <span class='ocrx_word' id='word_1_271' title='bbox 1820 3372 2138 3446; x_wconf 87' lang='lat' dir='ltr'><strong>assumta,</strong></span> <span class='ocrx_word' id='word_1_272' title='bbox 2187 3368 2367 3434; x_wconf 85' lang='lat' dir='ltr'><strong>velut</strong></span> <span class='ocrx_word' id='word_1_273' title='bbox 2394 3368 2510 3432; x_wconf 89' lang='lat' dir='ltr'><strong>de-</strong></span> 
     </span>
     <span class='ocr_line' id='line_1_32' title="bbox 307 3470 2544 3571; baseline -0.005 -26"><span class='ocrx_word' id='word_1_274' title='bbox 307 3485 613 3564; x_wconf 84' lang='lat' dir='ltr'><strong>pravata,</strong></span> <span class='ocrx_word' id='word_1_275' title='bbox 655 3483 722 3541; x_wconf 86' lang='lat' dir='ltr'><strong>et</strong></span> <span class='ocrx_word' id='word_1_276' title='bbox 751 3481 1065 3559; x_wconf 87' lang='lat' dir='ltr'><strong>corrupta</strong></span> <span class='ocrx_word' id='word_1_277' title='bbox 1092 3474 1190 3537; x_wconf 91' lang='lat' dir='ltr'><strong>illi</strong></span> <span class='ocrx_word' id='word_1_278' title='bbox 1219 3473 1556 3571; x_wconf 83' lang='lat' dir='ltr'><strong>objecerit,</strong></span> <span class='ocrx_word' id='word_1_279' title='bbox 1597 3471 1800 3553; x_wconf 90' lang='lat' dir='ltr'><strong>idque</strong></span> <span class='ocrx_word' id='word_1_280' title='bbox 1824 3472 2046 3554; x_wconf 90' lang='lat' dir='ltr'><strong>ipsum</strong></span> <span class='ocrx_word' id='word_1_281' title='bbox 2076 3487 2205 3532; x_wconf 92' lang='lat' dir='ltr'><strong>non</strong></span> <span class='ocrx_word' id='word_1_282' title='bbox 2234 3470 2304 3532; x_wconf 89' lang='lat' dir='ltr'><strong>in</strong></span> <span class='ocrx_word' id='word_1_283' title='bbox 2331 3470 2510 3535; x_wconf 87' lang='lat' dir='ltr'><strong>Thu·</strong></span> <span class='ocrx_word' id='word_1_284' title='bbox 2541 3505 2544 3507; x_wconf 95' lang='lat'>·</span> 
     </span>
    </p>
   </div>
   <div class='ocr_carea' id='block_1_13' title="bbox 308 3534 2817 3871">
    <p class='ocr_par' dir='ltr' id='par_1_13' title="bbox 308 3534 2817 3871">
     <span class='ocr_line' id='line_1_33' title="bbox 311 3534 2817 3667; baseline -0.005 -21"><span class='ocrx_word' id='word_1_285' title='bbox 311 3581 572 3667; x_wconf 80' lang='lat' dir='ltr'><strong>cydidis</strong></span> <span class='ocrx_word' id='word_1_286' title='bbox 601 3582 883 3661; x_wconf 83' lang='lat' dir='ltr'><strong>gratiam</strong></span> <span class='ocrx_word' id='word_1_287' title='bbox 913 3578 1154 3653; x_wconf 87' lang='lat' dir='ltr'><strong>effecit,</strong></span> <span class='ocrx_word' id='word_1_288' title='bbox 1205 3582 1280 3639; x_wconf 88' lang='lat' dir='ltr'><strong>ut</strong></span> <span class='ocrx_word' id='word_1_289' title='bbox 1317 3574 1608 3639; x_wconf 88' lang='lat' dir='ltr'><strong>Arellius</strong></span> <span class='ocrx_word' id='word_1_290' title='bbox 1654 3573 1916 3637; x_wconf 86' lang='lat' dir='ltr'><strong>Fuscus</strong></span> <span class='ocrx_word' id='word_1_291' title='bbox 1946 3570 2232 3648; x_wconf 88' lang='lat' dir='ltr'><strong>dicebat,</strong></span> <span class='ocrx_word' id='word_1_292' title='bbox 2282 3589 2511 3635; x_wconf 85' lang='lat' dir='ltr'><strong>verum</strong></span> <span class='ocrx_word' id='word_1_293' title='bbox 2621 3602 2624 3608; x_wconf 93' lang='lat'>·</span> <span class='ocrx_word' id='word_1_294' title='bbox 2658 3641 2663 3647; x_wconf 53' lang='grc'><em>,</em></span> <span class='ocrx_word' id='word_1_295' title='bbox 2740 3552 2743 3556; x_wconf 43' lang='grc'><em>’</em></span> <span class='ocrx_word' id='word_1_296' title='bbox 2796 3534 2817 3550; x_wconf 39' lang='lat'>⁴</span> 
     </span>
     <span class='ocr_line' id='line_1_34' title="bbox 308 3671 2795 3769; baseline -0.006 -20"><span class='ocrx_word' id='word_1_297' title='bbox 308 3684 568 3769; x_wconf 86' lang='lat' dir='ltr'><strong>putavit</strong></span> <span class='ocrx_word' id='word_1_298' title='bbox 613 3702 685 3746; x_wconf 89' lang='lat' dir='ltr'><strong>se</strong></span> <span class='ocrx_word' id='word_1_299' title='bbox 711 3681 980 3747; x_wconf 85' lang='lat' dir='ltr'><strong>facilius</strong></span> <span class='ocrx_word' id='word_1_300' title='bbox 1009 3680 1393 3767; x_wconf 83' lang='lat' dir='ltr'><strong>Sallustium</strong></span> <span class='ocrx_word' id='word_1_301' title='bbox 1420 3678 1706 3753; x_wconf 87' lang='lat' dir='ltr'><strong>vincere,</strong></span> <span class='ocrx_word' id='word_1_302' title='bbox 1756 3676 1816 3739; x_wconf 89' lang='lat' dir='ltr'><strong>si</strong></span> <span class='ocrx_word' id='word_1_303' title='bbox 1846 3674 2031 3757; x_wconf 89' lang='lat' dir='ltr'><strong>prius</strong></span> <span class='ocrx_word' id='word_1_304' title='bbox 2058 3671 2513 3755; x_wconf 85' lang='lat' dir='ltr'><strong>Thucydidem</strong></span> <span class='ocrx_word' id='word_1_305' title='bbox 2570 3685 2574 3691; x_wconf 87' lang='grc'><em>·</em></span> <span class='ocrx_word' id='word_1_306' title='bbox 2768 3708 2795 3737; x_wconf 87' lang='grc'><strong>,-</strong></span> 
     </span>
     <span class='ocr_line' id='line_1_35' title="bbox 310 3774 2641 3871; baseline -0.007 -19"><span class='ocrx_word' id='word_1_307' title='bbox 310 3788 532 3871; x_wconf 87' lang='lat' dir='ltr'><strong>ipsum</strong></span> <span class='ocrx_word' id='word_1_308' title='bbox 571 3785 931 3868; x_wconf 81' lang='lat' dir='ltr'><strong>praeferret.</strong></span> <span class='ocrx_word' id='word_1_309' title='bbox 1020 3780 1297 3845; x_wconf 87' lang='lat' dir='ltr'><strong>Asinius</strong></span> <span class='ocrx_word' id='word_1_310' title='bbox 1345 3798 1610 3861; x_wconf 88' lang='lat' dir='ltr'><strong>quoque</strong></span> <span class='ocrx_word' id='word_1_311' title='bbox 1654 3776 1876 3841; x_wconf 91' lang='lat' dir='ltr'><strong>Pollio</strong></span> <span class='ocrx_word' id='word_1_312' title='bbox 1924 3776 2163 3839; x_wconf 89' lang='lat' dir='ltr'><strong>librum</strong></span> <span class='ocrx_word' id='word_1_313' title='bbox 2216 3774 2512 3856; x_wconf 89' lang='lat' dir='ltr'><strong>scripsit,</strong></span> <span class='ocrx_word' id='word_1_314' title='bbox 2632 3799 2641 3806; x_wconf 77' lang='grc'><strong>-</strong></span> 
     </span>
    </p>
   </div>
   <div class='ocr_carea' id='block_1_14' title="bbox 313 3849 2625 4173">
    <p class='ocr_par' dir='ltr' id='par_1_14' title="bbox 313 3849 2625 4173">
     <span class='ocr_line' id='line_1_36' title="bbox 313 3849 2625 3971; baseline -0.006 -20"><span class='ocrx_word' id='word_1_315' title='bbox 313 3907 446 3971; x_wconf 92' lang='lat' dir='ltr'><strong>quo</strong></span> <span class='ocrx_word' id='word_1_316' title='bbox 476 3887 772 3952; x_wconf 89' lang='lat' dir='ltr'><strong>Sallustii</strong></span> <span class='ocrx_word' id='word_1_317' title='bbox 801 3886 1054 3967; x_wconf 81' lang='lat' dir='ltr'><strong>scri-pta</strong></span> <span class='ocrx_word' id='word_1_318' title='bbox 1081 3881 1598 3967; x_wconf 88' lang='lat' dir='ltr'><strong>reprehenderet,</strong></span> <span class='ocrx_word' id='word_1_319' title='bbox 1647 3878 1830 3962; x_wconf 89' lang='lat' dir='ltr'><strong>quod</strong></span> <span class='ocrx_word' id='word_1_320' title='bbox 1876 3878 1945 3941; x_wconf 92' lang='lat' dir='ltr'><strong>in</strong></span> <span class='ocrx_word' id='word_1_321' title='bbox 1985 3877 2071 3941; x_wconf 90' lang='lat' dir='ltr'><strong>iis</strong></span> <span class='ocrx_word' id='word_1_322' title='bbox 2118 3875 2323 3971; x_wconf 81' lang='lat' dir='ltr'><strong>nimia</strong></span> <span class='ocrx_word' id='word_1_323' title='bbox 2350 3892 2513 3957; x_wconf 88' lang='lat' dir='ltr'><strong>qua·</strong></span> <span class='ocrx_word' id='word_1_324' title='bbox 2548 3885 2561 3957; x_wconf 68' lang='grc' dir='ltr'><strong>ζ</strong></span> <span class='ocrx_word' id='word_1_325' title='bbox 2621 3849 2625 3853; x_wconf 31' lang='grc'><strong><em>’</em></strong></span> 
     </span>
     <span class='ocr_line' id='line_1_37' title="bbox 315 3977 2515 4068; baseline -0.005 -15"><span class='ocrx_word' id='word_1_326' title='bbox 315 3990 468 4053; x_wconf 88' lang='lat' dir='ltr'><strong>dam</strong></span> <span class='ocrx_word' id='word_1_327' title='bbox 525 3988 940 4055; x_wconf 85' lang='lat' dir='ltr'><strong>affectatione</strong></span> <span class='ocrx_word' id='word_1_328' title='bbox 996 3984 1452 4068; x_wconf 85' lang='lat' dir='ltr'><strong>antiqu-itatem</strong></span> <span class='ocrx_word' id='word_1_329' title='bbox 1508 3986 1910 4064; x_wconf 81' lang='lat' dir='ltr'><strong>sequeretur.</strong></span> <span class='ocrx_word' id='word_1_330' title='bbox 2043 3977 2299 4041; x_wconf 87' lang='lat' dir='ltr'><strong>Fabius</strong></span> <span class='ocrx_word' id='word_1_331' title='bbox 2354 3995 2515 4042; x_wconf 82' lang='lat' dir='ltr'><strong>vero</strong></span> 
     </span>
     <span class='ocr_line' id='line_1_38' title="bbox 318 4078 2565 4173; baseline -0.007 -15"><span class='ocrx_word' id='word_1_332' title='bbox 318 4090 791 4173; x_wconf 74' lang='lat' dir='ltr'><strong>QuintilianuS,</strong></span> <span class='ocrx_word' id='word_1_333' title='bbox 821 4090 923 4157; x_wconf 84' lang='lat' dir='ltr'><strong>vir</strong></span> <span class='ocrx_word' id='word_1_334' title='bbox 943 4093 1226 4167; x_wconf 77' lang='lat' dir='ltr'><strong>maturo,</strong></span> <span class='ocrx_word' id='word_1_335' title='bbox 1255 4090 1324 4152; x_wconf 83' lang='lat' dir='ltr'><strong>et</strong></span> <span class='ocrx_word' id='word_1_336' title='bbox 1351 4086 1535 4169; x_wconf 79' lang='lat' dir='ltr'><strong>gravi</strong></span> <span class='ocrx_word' id='word_1_337' title='bbox 1550 4082 1835 4169; x_wconf 80' lang='lat' dir='ltr'><strong>judicio,</strong></span> <span class='ocrx_word' id='word_1_338' title='bbox 1876 4079 2178 4159; x_wconf 76' lang='lat' dir='ltr'><strong>asseruit,</strong></span> <span class='ocrx_word' id='word_1_339' title='bbox 2224 4078 2514 4151; x_wconf 85' lang='lat' dir='ltr'><strong>oratione</strong></span> <span class='ocrx_word' id='word_1_340' title='bbox 2560 4108 2565 4115; x_wconf 95' lang='lat'><em>·</em></span> 
     </span>
    </p>
   </div>
  </div>
 </body>
</html>
