2930 4758
432 260 567 331 8oe

1138 280 1205 327 G·
1250 274 1494 327 cmsm
1541 274 1946 333 SALLUszm

432 430 612 491 metu
648 424 805 509 jura
832 420 1159 513 quaedam*
1200 422 1480 485 tribunis
1522 422 1615 505 pl.
1657 422 1990 487 restituit.·
2057 419 2175 485 Etv
2223 413 2654 505 quanquam*

433 527 519 593 1..
552 526 873 589 Sicinius*
900 524 1157 608 primus
1200 522 1283 587 de
1324 526 1654 607 potestate
1693 524 1843 587 trib.
1873 518 2062 607 loqui
2093 542 2322 600 ausuS,
2354 540 2661 587 mussan-

433 629 642 693 tibusy
679 628 888 705 vobiS,
934 627 1421 693 circumventus
1467 632 1648 693 erat:
1692 630 1908 689 tamen
1961 626 2148 712 prius
2193 625 2292 688 illi
2336 625 2661 690 invidiam

434 735 748 806 metuere,
778 748 979 811 quam
999 748 1121 793 vos
1150 729 1413 813 injuriae
1437 733 1800 813 pertaesum
1827 734 1948 791 est.
2027 727 2229 812 Quod
2251 747 2378 809 ego
2394 746 2658 809 nequeo

419 830 607 913 ,satis
636 832 881 907 mirari,
916 818 1235 909 Quirites·
1290 832 1472 897 Nam
1497 852 1686 915 spem
1711 831 1960 895 frustra
1980 830 2192 893 fuisse
2211 827 2661 893 intellexistis·

334 927 341 930 ’
438 932 627 1017 Sylla
676 939 955 1011 mortuo,
1004 936 1120 1017 qui
1177 935 1532 999 scelestum
1586 934 1990 1016 imposuerat
2045 930 2408 1006 servitium,
2456 928 2660 992 finem

436 1034 601 1099 mali
632 1035 1025 1099 credebatis.

1114 1034 1319 1099 Ortus
1354 1040 1456 1099 est
1499 1035 1696 1115 longe
1725 1034 1968 1107 saevior
1997 1031 2293 1097 Catulus.
2381 1029 2668 1094 Tumul-

440 1140 573 1201 tus²
620 1137 989 1202 intercessit
1038 1137 1243 1201 Bruto
1296 1142 1363 1203 et
1408 1135 1686 1199 AEmilio
1737 1132 2080 1197 Mamerco
2131 1130 2326 1197 Coss.
2375 1130 2528 1195 dein
2579 1128 2662 1195 G.

1448 1364 1662 1415 NOTAE

506 1482 525 1516 ί
578 1481 831 1545 Quoedam]
900 1482 1098 1546 Legum
1153 1479 1510 1539 ferendarum,

442 1559 705 1610 concionis
721 1557 975 1607 habendae
984 1558 1106 1621 ,iure
1124 1558 1385 1606 Tribunos
1399 1557 1514 1620 Syl-

441 1635 497 1684 la
538 1636 867 1699 privaveratg
938 1634 1271 1697 prohibuerat
1328 1648 1393 1681 ne
1445 1633 1511 1681 ad

442 1724 531 1760 eos
568 1717 972 1774 provocaretur3
1024 1715 1266 1759 sanxerat
1305 1709 1514 1772 insuper

447 1790 510 1835 nt
530 1800 595 1835 ne
618 1786 849 1834 Tribuno
868 1784 1038 1834 aditus
1058 1789 1263 1847 pateret
1278 1783 1345 1833 ad
1360 1784 1516 1833 alium

446 1861 827 1924 Magistratum.
910 1863 1179 1912 Posterius
1234 1863 1396 1923 istud,
1446 1864 1518 1909 al-

445 1942 563 1985 tero
588 1952 619 1983 a
639 1937 797 1996 Syllae
822 1936 969 1984 obitu
1000 1950 1151 1998 anno,
1191 1935 1251 1985 C.
1276 1934 1518 1985 Aurelius

449 2011 608 2059 Cotta
674 2012 865 2058 Consul
931 2012 1234 2074 abrogavit:
1319 2012 1520 2075 reliqua

450 2084 733 2147 Pompeius
757 2091 875 2146 post
911 2086 1108 2148 aliquot
1131 2100 1311 2145 annos,
1330 2085 1389 2133 in
1414 2086 1518 2149 pri-

451 2174 537 2208 mo
560 2160 846 2211 Consulatu
869 2160 1134 2222 restituit3
1182 2160 1321 2225 quod
1358 2161 1518 2211 etiam

450 2236 659 2286 Sallust.
681 2252 837 2300 supra
860 2238 1143 2287 admonuit.

517 2320 543 2344 v
576 2313 647 2362 Et
666 2313 951 2375 quanquam]
986 2313 1153 2363 Locus
1176 2313 1397 2362 maxime
1421 2312 1522 2361 dif-

451 2388 626 2451 ficilis,
667 2390 790 2437 mihi
836 2390 1061 2453 quidem,
1099 2405 1216 2438 nam
1256 2391 1340 2439 alii
1388 2405 1521 2453 prae-

450 2465 725 2514 terierunt.
794 2466 861 2525 Iu
891 2480 953 2513 eo
990 2473 1167 2516 autem
1188 2467 1357 2529 posita
1380 2466 1521 2514 vide-

454 2548 541 2592 tur
571 2540 868 2603 difficultas,
894 2540 1029 2604 quod
1069 2555 1132 2590 eo
1164 2556 1263 2605 quo
1289 2547 1524 2604 coeperat

452 2617 607 2666 modo
648 2619 961 2665 sententiam
1002 2632 1142 2666 suam
1190 2618 1377 2664 Macer
1419 2631 1525 2664 non

455 2691 697 2740 absolvit.
765 2693 1150 2754 Interrogative
1169 2692 1316 2740 initio
1340 2706 1526 2754 propo-

456 2773 631 2816 suerat
654 2782 768 2814 cum
796 2769 947 2828 dixit,
986 2768 1067 2816 An
1106 2767 1299 2816 dubium
1321 2768 1524 2829 habetis,

454 2845 538 2905 &⁶-
615 2843 649 2892 J
655 2857 736 2890 am
758 2843 1062 2904 simpliciter
1084 2857 1194 2892 rem
1219 2844 1380 2904 ipsam
1404 2859 1526 2892 con·

458 2918 639 2968 cludit.
704 2917 924 2966 Semotis
945 2918 1123 2980 itaque
1142 2917 1377 2965 omnibus
1398 2917 1525 2980 figu-

458 2994 551 3058 ris,
570 3000 627 3042 et
648 2994 713 3042 iis
736 2993 922 3056 quibus
960 2993 1039 3040 vir
1079 3007 1199 3042 acer
1235 2994 1523 3041 vibrantem

458 3071 741 3122 orationem
767 3070 1000 3132 munivit,
1031 3069 1209 3134 paucis
1232 3083 1437 3117 sensum
1458 3069 1525 3116 is-

458 3145 562 3194 tius
586 3145 805 3208 periodi,
840 3151 897 3193 et
934 3159 1146 3208 scopum
1170 3145 1416 3194 Auctoris
1449 3146 1528 3194 ita

460 3222 860 3285 comprehende,
915 3221 1065 3284 quasi
1120 3222 1378 3284 Populum
1428 3219 1526 3269 hoc

460 3298 615 3348 modo
657 3301 913 3348 allocutus
953 3305 1127 3348 esset:
1182 3301 1332 3348 Nemo
1352 3299 1528 3360 poterit

462 3373 595 3422 vobis
632 3390 812 3432 nocere,
858 3379 1042 3438 quaudo
1086 3391 1243 3425 omnes
1284 3375 1336 3427 in
1384 3391 1528 3424 unum

388 3475 399 3486 ·
462 3449 810 3510 conspirabitis.
826 3466 930 3497 cum
951 3466 1031 3498 vos
1048 3466 1221 3514 paucos
1235 3450 1407 3500 nobiles
1422 3465 1528 3512 per-

465 3523 731 3584 timuerint,
738 3524 1065 3588 factammque
1086 3530 1135 3574 et
1150 3525 1420 3588 tyrannidis
1432 3540 1530 3573 suae

463 3599 693 3648 invidiam
750 3600 1177 3662 reformidacevint,
1219 3602 1292 3649 vel
1334 3614 1385 3649 eo
1426 3602 1528 3662 ipso

461 3679 683 3739 ,tempore
696 3676 1006 3736 quatenarium
1024 3676 1258 3726 honiinem
1288 3691 1377 3738 pro
1400 3677 1530 3724 vobis

464 3750 593 3815 loqui
610 3765 789 3809 ausam,
819 3753 1139 3813 perdiderant,
1157 3756 1205 3800 et
1237 3752 1370 3814 prius
1388 3767 1530 3814 quam

466 3843 547 3878 vos
567 3843 724 3877 emm
748 3827 950 3887 injuriae,
980 3831 1027 3874 et
1068 3829 1209 3874 vestri
1240 3827 1425 3876 servitii
1446 3832 1532 3875 toe-

464 3906 661 3956 daiuet,
730 3907 793 3955 U·
827 3919 945 3952 vero
970 3905 1119 3952 istius
1152 3903 1369 3953 hominis
1392 3921 1531 3954 men-

470 3988 579 4032 tem
622 3985 833 4046 propius
876 3980 1180 4044 assequaris,
1222 3987 1280 4040 et
1326 3982 1533 4031 aculeos

472 4058 659 4121 quibu·
680 4057 769 4108 ille
792 4058 1051 4121 Populum
1073 4057 1393 4121 perstrinxit,
1430 4070 1536 4106 non

470 4132 661 4186 uenum
682 4133 853 4197 modo,
876 4131 967 4183 sed
990 4132 1168 4182 videas
1186 4148 1205 4194 ς
1254 4133 1472 4197 haereas,
1492 4131 1535 4180 si

1592 1476 1861 1541 placet,-in
1895 1474 1958 1525 iis
1999 1490 2114 1539 quae
2147 1476 2330 1538 postea
2363 1470 2552 1520 leviter
2585 1476 2668 1520 at-

1593 1554 1806 1617 tingam.

1658 1638 1691 1661 w
1714 1628 2018 1692 Quanquam]
2042 1626 2418 1691 Argumentum
2434 1622 2670 1686 estquod

1595 1711 1787 1755 vocant
1809 1719 1841 1753 a
1861 1704 2058 1752 minore
2081 1704 2145 1751 ad
2169 1702 2329 1764 majus
2349 1718 2362 1750 z
2409 1700 2556 1763 quasi
2597 1698 2676 1749 di·

1598 1788 1706 1843 cat,
1739 1780 1932 1829 Nobiles
1969 1794 2048 1827 vos
2075 1780 2352 1837 timuerunt,
2382 1776 2530 1823 etiam
2559 1789 2672 1823 cum

1597 1859 1676 1903 ille
1691 1858 1856 1903 unicus
1873 1858 2024 1902 vester
2046 1852 2260 1912 defensor
2277 1864 2520 1915 oppressus
2533 1854 2676 1912 esset,

1597 1929 1698 1993 qui,
1733 1933 1896 1991 utpote
1931 1930 1984 1977 in
2018 1929 2228 1977 maxima
2263 1927 2508 1987 servitute,
2543 1926 2673 1989 loqui

1599 2022 1740 2055 ausus
1797 2011 1900 2055 erat
1921 2024 1937 2055 .-
2000 2021 2115 2067 ergo
2177 2006 2384 2054 maxime
2443 2008 2674 2067 metuent,

1597 2089 1780 2150 quando
1815 2102 1895 2136 vos
1931 2101 2086 2136 omnes
2110 2087 2229 2147 jura
2266 2088 2424 2133 vestra
2459 2088 2676 2147 repetere

1601 2162 1845 2213 videbunt.

1665 2245 1690 2270 ¹
1728 2238 1964 2300 Sicinius]
2023 2238 2109 2286 Ita
2145 2236 2419 2300 legendum
2452 2249 2520 2283 ex
2558 2240 2675 2284 vet.

1601 2314 1804 2376 codice,
1827 2320 1881 2363 et
1904 2312 2148 2375 Asconio,
2169 2315 2267 2359 ὅτε.
2309 2310 2434 2359 Fuit
2454 2308 2538 2358 hic
2558 2308 2674 2357 Tri-

1600 2393 1768 2442 bunus
1792 2390 1977 2454 plebis.

1665 2477 1688 2510 5
1723 2467 2074 2528 Mussantibus]
2105 2467 2226 2516 Non
2245 2465 2416 2528 potuit
2434 2465 2534 2518 alio
2555 2479 2675 2514 ver-

1603 2545 1668 2592 bo
1710 2543 1892 2593 melius
1931 2557 2103 2590 eorum
2147 2541 2408 2590 hominum
2451 2539 2675 2602 exprimi

1605 2619 1865 2678 socordia,
1889 2618 1977 2680 qui
1999 2631 2115 2665 cum
2139 2615 2461 2678 Reipublicae
2486 2616 2677 2664 damna

1606 2701 1663 2743 et
1687 2695 1920 2743 sentiunt
1942 2699 1998 2742 et
2017 2692 2213 2753 vident,
2224 2691 2350 2740 alios
2370 2691 2678 2755 tempestati

1606 2771 1874 2833 objIciunt,
1907 2769 2004 2832 ipsi
2037 2769 2280 2827 latitant3
2325 2769 2504 2832 itaque
2529 2782 2677 2830 suum

1607 2845 1932 2894 commodum
1953 2845 2036 2892 vel
2049 2843 2102 2890 in
2117 2844 2232 2906 ipsa
2249 2851 2399 2905 peste
2413 2849 2674 2906 quaerunt.

1608 2921 1906 2969 Nebulones
1922 2918 2154 2982 profecto
2171 2920 2224 2967 in
2243 2919 2378 2967 solas
2396 2925 2562 2966 terras
2586 2919 2678 2967 de-

1607 2996 1886 3058 portandi;
1921 3011 2036 3044 cum
2073 2995 2171 3042 sibi
2207 3000 2428 3055 tantum,
2450 2995 2504 3042 in
2539 3009 2678 3044 com-

1608 3081 1758 3118 mune
1791 3071 1958 3118 nolint
1997 3068 2288 3118 consulere.
2369 3069 2569 3116 Verum
2607 3068 2677 3117 ad

1607 3160 1732 3194 rem.
1753 3145 1883 3194 Ideo
1896 3145 2098 3194 addidit
2113 3159 2296 3192 vocem
2307 3145 2458 3192 istam
2471 3142 2676 3194 Auctor

1607 3228 1802 3284 noster,
1823 3227 1883 3270 ut
1913 3219 2119 3270 obviam
2151 3218 2252 3267 iret
2285 3218 2476 3282 Populi
2499 3217 2678 3270 tacitae

1610 3296 1884 3360 objectioni
1905 3316 1918 3358 ;
1940 3295 2144 3345 diceret
2161 3295 2316 3368 enim,
2331 3295 2680 3358 Oppi-mim

1607 3372 1805 3420 antehac
1843 3372 1924 3434 qui
1963 3370 2097 3419 nobis
2135 3371 2491 3426 consuluerunt;
2533 3387 2679 3420 uum

1613 3447 1871 3496 Tribunum
1891 3450 2101 3494 nostrum
2134 3445 2381 3508 nequidem
2409 3445 2576 3494 audire
2595 3461 2678 3494 no-

1609 3526 1726 3574 biles
1763 3527 2117 3573 sustinuerunt:
2159 3521 2353 3592 frustra
2391 3522 2550 3585 itaque
2589 3525 2680 3572 ’πω

1607 3601 1790 3663 aliquid
1809 3601 2097 3649 audebimus.
2151 3593 2450 3662 Respondet
2473 3599 2679 3662 Macer,

1609 3674 1955 3736 Mussantibus‚
1991 3673 2272 3734 tacentibus,
2309 3679 2357 3722 et
2380 3671 2684 3723 latitantibus

1609 3753 1738 3800 vobis
1758 3765 1998 3814 oppressus
2018 3755 2087 3798 est
2107 3754 2262 3798 vester
2297 3751 2379 3798 ille
2411 3749 2683 3812 ffibumf

1610 3831 1731 3892 quod
1751 3829 1804 3878 in
1823 3833 2062 3892 posterum
2083 3826 2270 3890 nefiat,
2289 3826 2343 3875 in
2363 3840 2505 3874 mam
2523 3829 2683 3874 vestm

1612 3911 1698 3956 est.

1677 3991 1696 4014 ²
1723 3977 1992 4042 Tumultus]
2019 3979 2100 4028 De
2123 3993 2224 4042 quo
2246 3977 2499 4040 vidimus3
2529 3973 2681 4039 cujus

1613 4061 1796 4108 auctor
1813 4054 2061 4120 Lepidus.
