2930 4758
405 326 543 395 '356
1192 340 1297 388 An
1342 332 1409 388 c.
1455 338 1823 388 cAESAnsM

410 504 723 555 censesne
750 502 975 550 eorum
999 484 1362 568 praeceptis
1390 482 1736 567 imperium
1769 480 1999 547 haberi
2041 500 2244 566 posse
2261 482 2292 545 ‘l
2339 470 2623 562 Reliqui

411 590 495 655 de
522 588 808 653 factione
838 593 993 651 sunt
1017 585 1400 649 inertissimi
1427 584 1717 649 nobiles:
1762 586 1834 648 in
1879 584 2148 667 quibua,
2177 584 2351 647 sicut
2377 582 2450 644 in
2477 586 2621 645 sta-

410 698 549 768 tua,
578 695 819 772 praeter
842 707 1103 764 nomen,
1130 686 1427 751 nihil-est
1456 686 1907 751 additamenti.
1936 724 1956 734 ι
1997 684 2078 750 L.
2108 684 2520 760 Postumius,
2551 688 2624 747 et

410 790 512 858 Μ.
539 792 901 868 ,Ρανοιιίιιε,
929 789 1091 853 mihi
1120 788 1427 855 videntur
1456 790 1653 872 quasi
1691 808 1953 869 magnae
1978 787 2170 850 navis
2199 802 2624 868 supervacua

410 913 611 959 onera
633 912 805 971 esse,
848 893 965 956 ubi
1010 891 1182 955 salvi
1212 910 1589 973 pervenere,
1619 890 1773 954 usui
1803 893 1951 953 sunt
1959 884 2008 967 3¹¹
2059 888 2118 951 si
2157 884 2320 969 quid
2350 886 2624 949 adversi

408 1000 705 1060 mortum
752 999 877 1071 est,
910 992 993 1057 de
1020 993 1155 1058 illis
1183 992 1607 1077 potissimum
1627 991 1898 1075 jactura
1923 988 2040 1068 fit‚¹
2083 991 2242 1073 quia
2269 990 2466 1071 pretii
2493 988 2622 1052 mi·-

342 1107 345 1110 ’
409 1095 575 1161 nimi
602 1101 779 1160 sunt.

501 1195 835 1275 Quoniam
868 1216 1067 1273 nunc,
1098 1197 1203 1261 uti
1224 1195 1387 1259 mihi
1416 1193 1668 1273 videor,
1717 1194 1803 1259 de
1831 1193 2026 1278 plebe
2067 1190 2446 1255 renovanda
2475 1199 2628 1255 cor-³

411 1298 819 1381 rigentiaque
842 1298 1158 1363 disseruit
1204 1298 1288 1361 de
1339 1302 1597 1377 senatu,
1646 1317 1796 1379 quae
1841 1295 1965 1359 tibi
2010 1293 2264 1376 agenda
2291 1293 2632 1369 videntur,

414 1397 655 1483 dioam.
745 1398 1117 1481 Postquam
1168 1398 1329 1461 mihi
1378 1402 1546 1462 aetas
1597 1398 2054 1479 ingeniumque
2103 1394 2416 1472 adolevit,
2445 1394 2634 1459 haud

409 1498 613 1563 ferme
642 1500 843 1565 armis
870 1504 1073 1583 atque
1100 1500 1291 1583 equis
1322 1518 1566 1581 corpus
1591 1498 1882 1575 exercui,
1915 1496 2034 1561 sed
2063 1498 2352 1561 animum
2378 1498 2450 1559 in
2473 1496 2626 1560 lite-

408 1602 499 1665 ris
528 1602 803 1680 agitavi,
834 1602 1010 1685 quod
1056 1608 1295 1667 natura
1338 1600 1592 1664 firmius
1620 1604 1778 1677 erat,
1810 1599 1881 1663 id
1911 1600 1978 1662 in
2021 1600 2364 1663 laboribus
2391 1598 2622 1681 habui.

409 1699 636 1785 Atque
676 1721 800 1785 ego
840 1702 913 1765 in
960 1722 1045 1767 ea
1086 1704 1246 1779 vita,
1290 1701 1502 1765 multa
1545 1699 1825 1782 legendo
1874 1706 2072 1785 atque
2125 1700 2472 1779 audiendo,
2522 1702 2626 1766 ita

411 1804 754 1887 comperii,
806 1806 1031 1869 omnia
1080 1822 1302 1887 regna,
1349 1806 1508 1867 item
1559 1804 1897 1880 civitateS,
1933 1802 2228 1865 nationes
2277 1822 2489 1885 usque
2537 1822 2621 1867 eo

408 1924 810 1987 prosperum
835 1906 1187 1988 imperium
1214 1903 1559 1979 habuisse,
1600 1902 1757 1965 dum
1783 1903 1966 1985 apud
2001 1922 2118 1967 eos
2149 1920 2306 1966 vera
2335 1904 2624 1968 consilia

409 2004 784 2069 valuerunt:
832 2005 1236 2085 ubicumque
1260 2004 1495 2083 gratia,
1527 2002 1746 2079 timor,
1777 2004 2088 2086 voluptas
2121 2022 2204 2067 ea
2232 2023 2582 2088 corrupere
2599 2021 2628 2087 3‘·

409 2110 569 2189 post
594 2106 803 2187 paulo
830 2104 1196 2167 imminutae
1224 2122 1411 2185 ope&
1436 2090 1678 2195 deinde
1707 2104 2039 2167 ademtam
2069 2106 2441 2188 imperium,
2461 2125 2622 2189 pos-

410 2212 620 2272 tremo
648 2206 931 2292 servitus
960 2204 1275 2287 imposita
1303 2210 1423 2269 est.
1473 2202 1802 2287 Equidem
1830 2226 1957 2287 ego
1987 2206 2089 2271 sic
2121 2207 2302 2290 apud
2328 2208 2624 2271 animum

409 2324 634 2371 meum
662 2312 913 2371 statuo:
962 2306 1353 2389 cuicumque
1399 2305 1470 2367 in
1517 2324 1640 2370 sua
1677 2305 1946 2369 civitate
1974 2306 2255 2390 amplior
2282 2307 2624 2371 illustrior-

414 2427 543 2491 que
592 2409 807 2485 loeuS,
866 2397 1094 2490 quam‘
1120 2407 1277 2479 aliis
1333 2411 1459 2482 est,
1511 2407 1577 2470 ei
1621 2423 1931 2486 magnam
1977 2426 2203 2498 curam
2257 2427 2406 2472 esse
2455 2409 2622 2493 reip.

412 2509 596 2574 Nam
626 2510 885 2586 ceteriS,
928 2509 1117 2572 salva
1161 2508 1347 2584 urbe,
1380 2506 1834 2570 tantummodo
1861 2508 2130 2572 libertas
2157 2514 2298 2572 tuta
2325 2514 2460 2574 est:
2507 2495 2632 2594 qui*

411 2630 531 2692 per
559 2611 863 2694 virtutem
917 2609 1047 2672 sibi
1098 2608 1390 2686 divitiam,
1420 2607 1650 2685 decus,
1695 2609 2026 2686 honorem,
2057 2616 2477 2694 pepererunt,
2506 2610 2627 2676 ubi

414 2711 689 2792 paulum
732 2711 1052 2774 inclinata
1093 2730 1271 2793 resp.
1320 2709 1560 2791 agitari
1591 2711 1822 2792 coepit,
1863 2711 2317 2793 multipliciter
2363 2712 2624 2777 animus

414 2810 611 2889 curis,
642 2817 837 2893 atque
876 2810 1216 2874 laboribus
1244 2809 1581 2892 fatigatur,
1613 2817 1729 2874 aut
1758 2811 2059 2891 gloriam,
2090 2818 2204 2875 aut
2230 2811 2624 2890 libertatem,

412 2915 531 2975 aut
557 2930 694 2980 rem
724 2911 1139 2999 familiarem,
1173 2910 1500 2975 defensat:
1548 2913 1853 2975 omnibus
1873 2913 2044 2977 locis
2072 2911 2286 2989 adest,
2315 2911 2624 2978 festinat:

411 3016 656 3102 quanto
700 3013 769 3100 in
814 3010 1123 3075 secundis
1168 3011 1367 3074 rebus
1416 3011 1750 3076 florentior
1794 3015 1942 3090 fuit,
1955 3084 1960 3088 ,
1973 3019 2160 3082 tanta
2203 3016 2270 3078 in
2317 2998 2622 3078 adversis

414 3114 719 3197 asperius
750 3115 1093 3204 magisque
1132 3113 1334 3176 anxie
1364 3114 1592 3200 agitat.
1683 3113 1891 3206 Igitur
1930 3116 2045 3179 ubi
2074 3116 2303 3198 plebes
2334 3114 2619 3193 senatui,

413 3213 613 3290 sicuti
662 3233 906 3298 eorpus
965 3215 1211 3290 animo,
1254 3213 1502 3291 obedit,
1545 3214 1606 3297 ej
1617 3235 1824 3296 usque
1875 3217 2177 3280 consulta
2225 3215 2583 3298 exequitur
2599 3236 2636 3281 τ’

412 3321 639 3398 patres
668 3314 953 3380 consilio
980 3316 1199 3379 valere
1228 3315 1439 3392 decet,
1469 3316 1718 3398 populo
1761 3335 2260 3397 supervacanea
2304 3323 2406 3380 est
2433 3317 2624 3381 calli-

414 3417 608 3488 ditas,
700 3415 935 3498 Itaque
974 3415 1261 3498 majores
1286 3415 1523 3492 nostri,
1549 3435 1702 3478 cum
1730 3416 1924 3479 bellis
1955 3416 2338 3499 asperrimis
2365 3435 2624 3499 preme-

410 3522 649 3590 rentur,
695 3517 905 3599 equiS,
936 3516 1123 3593 viris»,
1154 3516 1439 3599 pecunia
1487 3515 1760 3593 amissa,
1807 3535 2141 3599 nunquam
2175 3515 2422 3580 defessi
2466 3524 2625 3584 sunt

415 3617 649 3683 armati
678 3615 763 3680 de
788 3617 1065 3698 imperio
1096 3621 1361 3680 certare.
1452 3613 1615 3678 Non
1639 3617 1869 3699 inopia
1898 3619 2140 3696 aerarii,
2173 3635 2308 3681 non
2333 3618 2440 3682 vis
2467 3618 2621 3682 hos-

1412 3800 1636 3878 No‘rAE·

480 3912 503 3946 Β
543 3913 662 3962 Πειιὶ
692 3911 833 3976 sunt]
892 3911 1063 3976 Vulgo
1096 3911 1188 3958 visi
1208 3915 1348 3958 ml.-
1382 3907 1480 3961 sed
1555 3926 1678 3962 sane
1700 3913 2004 3976 conjectura
2027 3912 2234 3976 reponit
2255 3911 2502 3962 υίνίειαιέ.

412 3997 565 4042 vetus
586 3990 767 4052 editio,
802 3996 861 4038 ut
899 3995 1123 4038 testatur
1162 3987 1365 4049 Carrio,
1384 3988 1476 4036 ha·
1619 3985 1632 4020 ¹
1662 3987 1966 4054 meturafit]
2033 3979 2098 4039 Id
2120 3995 2222 4052 est,
2257 3988 2314 4038 in
2327 3987 2628 4053 prosumus

413 4066 522 4124 bet,
563 4065 639 4115 usi
672 4071 806 4126 sunt,
843 4080 938 4129 pro
982 4081 1084 4130 quo
1118 4066 1184 4116 de
1219 4061 1478 4113 Vaticano
1554 4062 1862 4125 abjiciuntur.

411 4139 623 4202 corrigit
658 4141 768 4188 mi
808 4145 943 4189 suat:
974 4139 1179 4204 Lipsius
1211 4138 1479 4204 ingeniosa
