2930 4758
950 290 1441 380 rnA'eMnNrA,
1493 318 1636 365 Lm.
1684 319 1796 369 111.
2369 286 2502 370 299

294 458 684 537 subvenitiS,
712 461 926 525 invito
954 468 1020 525 et
1049 461 1451 545 praedicente
1483 483 1609 539 me,
1661 463 1997 527 exercitus
2043 461 2224 540 hinc,
2249 467 2317 526 et
2345 483 2500 527 cum

292 584 377 629 eo
405 583 600 628 omne
628 564 869 626 bellum
904 564 1261 647 Hispaniae
1293 567 1359 627 in
1389 565 1652 629 Italiam
1682 566 2252 647 transgredientur.

382 664 694 748 Namque
741 665 872 742 his,
921 674 1164 749 praeter
1216 668 1413 731 solita
1461 669 1724 731 vitiosis
1773 668 2291 747 magistratibuS,
2347 686 2502 730 cum

292 786 414 851 per
444 786 702 830 omnem
746 769 1157 850 provinciam
1185 770 1682 833 infoecunditate
1713 770 1955 832 biennii
1983 770 2278 852 proximi
2309 787 2508 851 grave

293 868 585 949 pretium
614 868 934 932 fructibus
965 877 1161 934 esset.
1258 867 1424 933 Non.
1473 876 1493 903 ‘
1527 870 1753 934 Grave
1782 869 2102 933 multum.'

388 969 489 1031 Hi
518 968 803 1032 saltibus
832 972 1201 1053 occupatiS,
1249 976 1387 1035 tum
1438 977 1884 1035 externorum¹
1931 990 2124 1054 agros
2163 973 2508 1036 invasere:

292 1071 735 1153 frumentique
785 1092 872 1135 ex
918 1073 1149 1155 inopia
1202 1075 1387 1154 gravi
1440 1071 1632 1135 satias
1678 1073 1882 1138 facta.
1997 1072 2192 1151 Idem,
2237 1078 2258 1106 ‘
2294 1070 2510 1136 Satias

297 1176 421 1255 pro
448 1173 745 1238 satietas?

386 1273 627 1358 Neque
671 1276 818 1357 jam
865 1278 1171 1340 sustineri
1216 1282 1482 1361 poterat
1523 1278 1914 1341 immensum
1965 1281 2163 1341 aucto
2208 1279 2400 1356 mari,
2444 1281 2514 1342 et

298 1379 496 1440 vento
524 1378 846 1458 gliscenti.
957 1376 1152 1456 Idem,
1201 1384 1220 1411 ‘
1253 1378 1502 1443 Gliscit
1543 1383 1646 1442 est
1697 1379 2126 1459 congelascit,
2159 1380 2513 1461 colligitur,

298 1476 605 1558 ignescit,
635 1479 916 1542 crescit?

386 1576 495 1642 Ac
526 1585 663 1643 tum
691 1582 1004 1658 maxime,
1030 1581 1128 1645 uti
1160 1581 1334 1646 solet
1360 1580 1672 1644 extremis
1700 1580 1770 1642 in
1793 1581 2012 1658 rebus,
2045 1580 2176 1643 sibi
2227 1582 2514 1664 quisque

302 1679 719 1743 carissimum
792 1680 973 1744 domi
1026 1681 1386 1758 recordari,
1442 1681 1796 1763 cunctique
1868 1682 2158 1745 omnium
2217 1680 2517 1744 ordinum

302 1785 599 1844 extrema
625 1782 856 1845 munia
884 1785 1097 1866 sequi.
1190 1779 1385 1859 Idem,
1434 1787 1453 1814 ‘
1490 1781 1750 1859 Munia,
1781 1780 2046 1845 officia!

392 1881 498 1946 Et·
524 1882 693 1945 forte
742 1883 813 1947 in
861 1884 1233 1966 navigando
1280 1882 1518 1947 cohors
1565 1901 1722 1958 una,
1775 1883 2003 1963 grandi
2034 1880 2280 1967 faselo⁰
2322 1866 2522 1946 vecta

308 2004 355 2048 a
396 1985 627 2048 ceteris
672 1984 1021 2062 deerravit,
1061 1985 1360 2067 marique
1409 1981 1679 2066 placido
1725 2001 1768 2046 a
1819 1981 2078 2045 duobus
2130 1981 2522 2067 praedonum

304 2085 816 2170 myoparonibus!
856 2088 1326 2153 circumventa.
1442 2082 1641 2162 Idem,
1671 2082 1738 2148 in
1765 2104 1905 2146 voce
1940 2080 2213 2162 Faselus,
2244 2093 2301 2145 et
2331 2080 2525 2170 Myo·
2553 2156 2558 2161 ,

288 2195 486 2272 “pm-0.
898 2238 901 2241 .

395 2287 592 2366 Eum,
640 2294 838 2373 atque
886 2288 1390 2372 Metrophanem
1438 2292 1708 2351 senatus
1737 2306 1982 2369 magna
2017 2287 2344 2351 industria
2372 2304 2524 2369 per-

312 2391 635 2474 quirebat,
665 2412 819 2455 cum
848 2412 971 2475 per
1014 2398 1113 2456 tot
1158 2391 1498 2474 scaphaS,²⁵
1546 2409 1718 2473 quas
1767 2389 1854 2453 ad
1901 2390 2074 2453 ostia
2105 2407 2258 2452 cum
2285 2387 2525 2470 paucis

309 2492 461 2557 fidis
488 2498 981 2576 percunctatum
1011 2495 1341 2557 miserant.
1436 2489 1639 2568 Idem,
1668 2496 1735 2553 et
1769 2487 2019 2552 Charis.
2055 2490 2170 2551 lib.
2205 2504 2255 2550 1.

401 2594 594 2659 Duos
640 2614 841 2678 quam
895 2597 1230 2659 maximos
1285 2600 1465 2657 utres
1511 2593 1646 2656 levi
1698 2592 1945 2656 tabulae
2004 2589 2328 2672 subjecit:
2394 2605 2528 2670 qua

199 2687 217 2698 “
315 2715 516 2780 super
572 2699 754 2761 omni
812 2716 1092 2781 corpore
1160 2698 1418 2781 quietus
1471 2696 1759 2759 invicem
1815 2695 2030 2756 tractu
2085 2690 2277 2775 pedis
2334 2690 2528 2772 quasi

316 2799 709 2879 gubernator
734 2801 1087 2863 existeret:
1158 2817 1240 2862 ea
1289 2799 1458 2861 inter
1505 2797 1772 2872 molem,
1803 2799 2001 2876 atque
2048 2792 2334 2855 insulam
2363 2792 2532 2855 mari

314 2899 726 2964 vitabundus
757 2901 1039 2964 classem
1067 2900 1358 2964 hostium
1386 2897 1474 2961 ad
1503 2895 1852 2981 oppidum·
1880 2895 2204 2976 pervenit.
2287 2891 2486 2957 Idem.

402 3000 587 3066 Nam
646 3003 763 3084 qui
819 3021 1011 3066 enare
1067 3001 1291 3066 conati
1346 2997 1660 3076 fuerant:
1709 2996 1830 3060 icti
1891 3013 2076 3077 saepe
2123 2993 2530 3058 ferramentis

384 3206 409 3232 ⁶
444 3198 543 3254 Ου’
564 3203 861 3250 tentaverant
882 3203 1087 3251 natando
1108 3215 1228 3264 aqua
1248 3199 1457 3250 madere.

1314 3411 1538 3464 NOTAE

323 3548 457 3601 ausit
481 3558 682 3615 petere,
703 3558 937 3605 mutuam
975 3557 1249 3620 pecuniam
1290 3571 1386 3622 pro
1469 3554 1706 3621 piratica,
1731 3567 1799 3603 ex
1838 3551 2034 3602 duabus
2074 3548 2403 3600 dissimilibus
2433 3547 2534 3598 for·

324 3629 619 3693 Republica
639 3631 897 3682 sumsisse.
1467 3638 1626 3683 mata.

387 3710 415 3736 ¹
468 3705 589 3754 ‘flam
624 3708 943 3771 externorum]
1000 3710 1203 3774 Lipsius
1243 3710 1388 3774 inge·
1533 3719 1554 3744 ²
1586 3707 1818 3773 Scaphae]
1882 3707 2102 3772 Scaphae
2138 3709 2257 3754 sunt
2283 3701 2538 3752 naviculae

323 3777 470 3831 niose
514 3795 608 3843 pro
647 3786 748 3830 tum
784 3789 1101 3846 externorum,
1137 3785 1389 3834 Temeni-
1471 3802 1583 3852 quae
1609 3785 1857 3835 onerariis
1888 3784 2240 3846 imponuntur,
2273 3779 2444 3830 antiis
2467 3779 2539 3826 al-

322 3870 489 3908 nou-um
511 3859 758 3919 reposuit.
822 3863 952 3909 Sunt
986 3861 1121 3908 enim
1155 3861 1230 3909 ini
1265 3860 1390 3911 cite·
1470 3865 1717 3928 ligantur,
1734 3870 1789 3912 ut
1810 3877 1905 3927 per
1922 3876 2004 3910 eas
2019 3866 2190 3909 nuutae.
2214 3859 2328 3906 loca
2346 3855 2540 3905 vadosa

326 3929 479 3981 rioris
498 3931 766 3996 Hispaniae
792 3919 989 3998 populii
1473 3937 1708 3987 subeant.
1775 3938 1915 3986 Gall.
1945 3936 2022 3984 Ua
2043 3932 2210 3996 eequis.

390 4015 415 4041 ⁰
447 4009 636 4072 Faselo]
704 4011 913 4075 Navigii
938 4028 1097 4077 genus
1118 4019 1218 4077 est,
1250 4013 1393 4076 quod
1541 4020 1566 4046 ²
1600 4013 1856 4077 Oppidum]
1893 4010 2140 4074 Cyzicum
2165 4005 2385 4055 scilieet.
2449 4002 2542 4053 Vi-

327 4083 459 4136 velis
476 4089 533 4134 et
552 4086 708 4135 remis
728 4088 813 4151 agi
830 4093 1023 4151 potest.
1473 4088 1630 4139 detur
1652 4087 1789 4138 enim
1827 4086 1893 4135 de
1929 4081 2134 4133 Luculli
2171 4084 2540 4144 strategemate

392 4164 416 4204 5
449 4159 843 4228 Myopamnibu]
869 4163 1129 4231 myoparo
1146 4162 1293 4216 nnis
1310 4168 1396 4216 est
1473 4164 1562 4215 hic
1583 4164 1690 4229 agi,
1709 4162 1800 4229 qui
1819 4166 1939 4212 utre
1961 4171 2280 4224 suspensum·
2297 4154 2542 4208 nuntium
