2930 4758
906 232 1236 284 sumum.
1268 231 1360 280 ΕΤ
1407 230 1901 284 'rusi-monn.
2124 246 2131 254 ·
2355 257 2364 264 -
2416 216 2508 296 89

301 371 590 439 fossus:
641 373 1006 440 Octaviani
1069 374 1276 458 Aug.'
1305 375 1696 457 imperium:
1778 373 1858 438 L.
1890 370 2183 438 ‘Antonii
2242 373 2517 441 seditioz-

305 473 534 552 Quare
561 476 736 542 haud
759 487 765 494 ’
785 477 984 541 facile
1030 478 1306 555 creditu,
1325 482 1479 541 tam
1514 477 1893 558 diligentem
1929 475 2315 540 historicum
2357 478 2515 544 haeo'

305 574 612 641 Romana
638 579 970 642 omisisse.
1018 578 1154 641 Sed
1180 579 1374 655 hanc,
1407 577 1573 661 proh
1601 576 1811 654 dolor,
1831 579 2163 662 jacturam
2193 579 2507 644 debemus

301 683 416 742 aut
446 677 684 743 Gothis
712 688 780 744 et
801 679 1137 744 Vandalis
1166 680 1344 743 orbis
1372 679 1937 744 devastatoribus:
1981 684 2096 743 aut
2127 679 2505 744 Ciceronia-

299 781 402 844 nis
432 783 551 858 vel,
568 781 867 845 Livianis
898 782 1224 846 Sallustio
1255 781 1752 846 infensissimis:
1799 791 1952 845 nam
1981 782 2106 846 iste
2137 781 2504 846 Patavinus

298 887 455 948 tunc
487 884 717 964 viginti
733 889 1034 967 'quatuor
1069 903 1382 948 annorum
1402 889 1612 948 -natus
1658 889 1822 960 erat,
1854 903 2005 947 cum
2035 883 2389 948 Sallustius
2413 887 2515 948 ‘ex‘

298 983 604 1048 humanis
635 987 874 1069 cessit:
924 987 1121 1076 cujus
1151 985 1420 1050 tandem
1448 985 1605 1048 libri
1657 985 1859 1050 etiam
1907 1003 1949 1048 a
1986 983 2253 1066 jactura
2286 991 2510 1068 ¹quan·-

295 1087 546 1150 tumvis
574 1087 859 1164 mitiore,
891 1087 1213 1156 immunes
1242 1106 1375 1151 non
1401 1086 1683 1150 fuerunt.
1752 1086 1868 1150 Sic
1899 1106 1987 1149 ex
2018 1085 2239 1164 Livio,
2267 1105 2503 1169 parum

298 1194 639 1271 superest:
687 1209 775 1252 ex
827 1188 1042 1252 Ennio
1097 1186 1232 1252 fere
1277 1189 1460 1266 nihil,
1493 1209 1583 1252 ex
1630 1187 1947 1252 Sallustio
2000 1207 2243 1271 pauca,
2272 1188 2373 1251 uti
2398 1206 2505 1252 res

296 1287 602 1352 humanae
622 1309 888 1372 ⁸semper
921 1290 1198 1355 fuerunt.
1215 1287 1247 1329 ·'
1289 1289 1625 1354 Praeterea
1662 1295 1803 1353 'non
1850 1289 1971 1352 abs
2012 1308 2104 1364 re,
2157 1307 2201 1351 a
2232 1289 2507 1371 quibus-

301 1386 457 1450 dam
486 1389 724 1454 dicitur
754 1391 1187 1468 inimitabilis,
1217 1391 1418 1454 veluti
1439 1390 1667 1474 -liquet
1694 1391 1922 1456 velex
1950 1390 2356 1468 auctoribuS,
2389 1389 2515 1473 qui·

299 1494 462 1569 post
489 1509 639 1553 eum
669 1491 751 1554 de
777 1491 823 1555 J
828 1494 1108 1574 ugurtha
1135 1493 1585 1574 scripserunt:
1628 1497 1701 1556 ut
1747 1492 2002 1569 Livius,
2047 1497 2115 1556 et
2162 1492 2510 1556 abbrevia-

297 1595 472 1658 tores
499 1595 665 1677 ejus,
684 1595 1046 1678 praesertim
1069 1593 1304 1658 Florus
1327 1610 1438 1656 ιιι.
1458 1594 1522 1658 1.
1552 1598 1618 1656 et
1644 1593 1757 1656 lib.
1782 1608 1972 1656 Lxu.
2006 1591 2285 1656 Orosius
2306 1609 2375 1655 v.
2396 1593 2507 1658 15.

307 1689 614 1758 Valerius
644 1695 987 1760 Maximus
1023 1714 1103 1759 ιι.
1133 1695 1194 1761 2.
1249 1702 1317 1760 et
1365 1713 1469 1760 vl.
1500 1695 1609 1759 11.
1672 1693 2022 1758 Frontinus
2054 1711 2105 1756 1.
2135 1693 2201 1757 8.
2234 1698 2302 1757 et
2330 1709 2409 1757 ιι.
2442 1694 2508 1757 1.

299 1799 368 1858 et
395 1795 468 1858 4.-
506 1795 864 1880 Eutropius
899 1815 1000 1861 ιν.
1031 1798 1096 1862 8.
1143 1796 1426 1876 Plinius,
1451 1801 1520 1860 et
1547 1796 1684 1873 alii,
1708 1795 1825 1878 qui
1852 1796 1941 1859 ad
1971 1801 2223 1859 tantam
2245 1793 2507 1860 dicendi

300 1896 580 1976 gratiam
599 1897 933 1981 nunquam
958 1904 1424 1982 pervenerunt:
1443 1895 1593 1960 -vir
1617 1897 1729 1963 ille
1760 1897 2183 1979 clarissima&
2210 1896 2509 1980 philosoff

303 1995 514 2078 phuS,·
545 2002 765 2062 orator
811 2018 1111 2080 magnuS,
1152 2018 1351 2064 verus
1395 1995 1769 2076 historicus,
1822 1996 2231 2062 adversarios
2273 1997 2509 2062 habuit

304 2093 686 2162 Ciceronem
725 2100 1054 2182 inprimis,
1113 2105 1381 2182 propter
1427 2098 1847 2184 Terentiam:
1893 2095 2208 2162 Asinium
2252 2097 2514 2163 P011i0-·

299 2218 470 2280 nem,
502 2208 772 2285 propter
802 2200 1220 2266 Ciceronem:
1266 2199 1495 2264 Titum
1534 2200 1824 2276 Livium,
1871 2205 2143 2283 propter
2180 2199 2509 2265 scribendi

298 2305 584 2370 famam:
631 2305 750 2387 qui
775 2323 928 2367 cum
971 2305 1114 2367 suis
1159 2306 1464 2368 curarunt
1492 2301 1778 2378 assidue,
1807 2308 1883 2365 ut
1919 2301 2180 2365 omnino
2210 2301 2510 2366 Sallustii

302 2404 556 2482 vitium,
585 2424 718 2468 non
746 2425 898 2469 cum
926 2406 1192 2488 scriptis
1219 2404 1366 2487 ejus
1395 2402 1715 2467 oblivioni
1740 2402 2120 2467 traderetur..
2193 2401 2304 2467 Ita
2325 2403 2509 2467 simi-

303 2506 511 2571 litudo
563 2507 676 2570 illa
725 2507 948 2584 studii,
989 2525 1135 2569 raro
1184 2505 1731 2581 benevolentiam,
1765 2504 2251 2569 aemulationem
2282 2504 2507 2589 potius

303 2608 536 2671 afferre
565 2608 780 2671 solet.-

462 2836 468 2845 .
557 2767 810 2867 Julius
841 2774 1021 2841 Caes.
1055 2731 1352 2869 Scaliger
1381 2775 1699 2842 Oratione
1726 2797 1852 2861 pro
1873 2762 2224 2843 Cicerone.

387 2877 472 2977 Id
519 2914 701 2997 quod
754 2918 822 2977 et
868 2913 1248 2991 Sallustius,
1295 2912 1591 2977 omnium
1620 2912 2016 2995 scriptorum
2050 2910 2514 2977 numerosissi-

303 3036 471 3095 mus,
501 3034 833 3099 nusquam
860 3019 1393 3099 aspernatusest.

1206 3184 1297 3248 Et
1323 3185 1593 3251 ibidem.

384 3320 450 3385 A
479 3320 794 3385 Sallustio
818 3326 1034 3386 autem
1057 3321 1455 3386 brevitatem
1482 3321 1669 3384 illam
1694 3320 1839 3404 peti
1865 3319 2126 3401 debere,
2156 3340 2311 3385 cum
2338 3320 2504 3385 scri-

303 3424 442 3504 bis:
486 3442 698 3506 neque
728 3423 891 3506 quid
917 3423 1086 3487 velis
1128 3422 1446 3505 intelligo,
1476 3440 1689 3503 neque
1718 3424 1855 3484 tam
1882 3422 2308 3503 vulgi-animo
2346 3428 2503 3489 con-

305 3523 590 3609 ceptam,
654 3524 822 3589 adeo
879 3532 1290 3607 persuasam,
1367 3525 1536 3589 adeo
1594 3524 2035 3588 decantatam·
2063 3524 2135 3587 in
2190 3524 2334 3589 illo-
2358 3524 2507 3589 viro·

301 3627 694 3692 brevitatem
733 3647 1021 3710 unquam
1079 3627 1565 3712 comprehendi.
1656 3624 1837 3689 Nam
1872 3625 1971 3703 ²si,
2016 3627 2333 3718 quoniam
2374 3624 2503 3689 fre-

305 3731 662 3814 quentibus
706 3728 1044 3813 asyndetis
1099 3732 1327 3808 utitur,
1379 3736 1501 3821 aut
1549 3730 1727 3814 quod
1770 3749 1902 3792 non
1946 3729 2179 3809 longis
2206 3725 2507 3812 periodis

305 3832 513 3895 ambit
561 3836 940 3912 argumenta
989 3850 1228 3909 rerum,
1271 3829 1629 3915 properare
1678 3832 1803 3895 tibi
1850 3831 2136 3907 videtur,
2166 3830 2319 3892 -isto
2374 3826 2503 3892 tibi

304 3947 566 4014 quoque
614 3936 819 4012 pacto
868 3931 1180 3994 brevibus
1227 3938 1457 4016 atque·
1485 3933 1861 4017 interceptis
1916 3932 2189 3996 saltibus
2240 3932 2505 3995 centum

303 4030 756 4097 milliariorum
782 4033 907 4099 iter
931 4033 1146 4098 minus
1172 4034 1438 4119 longum
1465 4035 1820 4113 videbitur,
1852 4033 2049 4117 quam
2074 4029 2273 4095 unius
2297 4030 2501 4097 modo
2624 4054 2632 4061 ·
