2930 4758
824 300 923 351 nn
969 298 1140 350 1221·-
1186 298 1648 349 ounnumm
1697 300 1811 353 nr.
1857 302 1942 352 11.
2355 286 2489 355 ³01

276 444 535 514 ualuit.
623 441 721 511 At
744 443 1007 511 hercule
1032 464 1206 511 nune
1237 466 1389 511 cum
1433 445 1734 526 Catone,t
1753 447 1839 514 111.
1867 448 2194 528 Domitio,
2223 440 2492 516 ceteris-

278 567 415 633 que
440 546 743 631 ejusdem
770 546 1102 626 factionis,
1133 548 1570 632 quadraginta
1615 557 1974 631 senatores,
2004 552 2188 617 multi
2217 558 2492 637 praeter·

279 670 364 725 ea
409 670 567 718 cum
608 670 731 734 spe
756 651 937 715 bona
963 648 1449 729 adolescentes,
1479 652 1681 717 sicuti
1711 652 1976 731 hostiae,
2014 655 2286 719 mactati
2309 658 2494 731 sunta

280 772 437 819 cum
462 753 714 819 interea
752 752 1321 837 importunissima
1348 772 1590 836 genera
1618 754 1958 819 hominum
1987 760 2084 821 tot
2108 756 2506 822 miserorum·

282 855 537 921 civium
564 854 887 938 sanguine
912 856 1147 921 satiari
1175 858 1562 941 nequivere:
1607 874 1740 921 non
1768 858 1915 922 orbi
1953 858 2166 936 liberi,
2211 878 2345 923 non
2372 879 2495 944 pa-

280 962 503 1049 rentes
530 960 772 1022 exacta
798 961 1019 1037 aetate,
1048 976 1181 1021 non
1228 960 1512 1040 gemitus
1540 959 1856 1037 virorum,
1897 962 2116 1024 luctus
2145 960 2496 1027 mulierum

281 1060 637 1125 immanem
688 1076 917 1123 eorum
973 1060 1268 1123 animum
1320 1058 1607 1124 inflexit:
1655 1062 1840 1143 quin,
1891 1062 2194 1127 acerbius
2237 1063 2306 1126 in
2351 1063 2498 1128 dies

280 1159 786 1239 malefaciendo,
808 1180 891 1225 ac
921 1160 1227 1239 dicendo,
1252 1161 1572 1245 dignitate
1599 1164 1793 1241 alios„
1823 1164 1994 1228 alios
2022 1165 2294 1229 civitate
2315 1185 2500 1231 ever·

284 1282 435 1326 sum
462 1263 649 1327 irent.
711 1261 914 1341 Nam,
942 1263 1107 1347 quid
1134 1284 1257 1347 ego
1286 1264 1371 1329 de
1400 1270 1465 1329 te
1495 1265 1742 1343 dicam,
1775 1266 1996 1351 cujus¹³
2027 1268 2501 1357 contumeliam

282 1364 587 1429 homines
636 1364 1051 1446 ignavissimi
1096 1366 1240 1431 vita
1288 1385 1417 1429 sua
1473 1373 1878 1432 commutare
1924 1370 2196 1435 volunt?
2241 1370 2504 1435 scilicet

283 1484 501 1549 neque
528 1465 663 1531 illis
694 1470 897 1531 tantae
925 1466 1253 1551 voluptati
1282 1472 1387 1530 est
1424 1466 1754 1552 (tametsi'
1794 1470 2279 1553 insperantibus
2323 1471 2504 1536 acci-

286 1566 416 1651 dit)
461 1568 849 1646 dominatio,
898 1574 1148 1653 quanto
1194 1572 1468 1635 moerori
1518 1577 1633 1635 tua
1677 1571 1997 1653 dignitas:
2041 1574 2152 1655 qui
2199 1573 2502 1655 optatius

286 1672 553 1748 habent,
584 1691 669 1735 ex
704 1675 818 1736 tua
844 1672 1223 1737 calamitate
1254 1673 1627 1755 periculum
1663 1673 1986 1738 libertatis
2028 1673 2271 1751 facere,
2300 1692 2505 1758 quam

287 1790 412 1857 per
438 1777 505 1837 te
529 1774 767 1857 populi
796 1774 887 1839 R.
916 1776 1267 1858 imperium
1295 1775 1662 1840 maximum
1689 1794 1779 1839 ex
1807 1792 2054 1857 magno
2080 1773 2270 1841 fieri!
2344 1773 2504 1853 Quo

288 1874 506 1955 magis
534 1876 658 1943 tibi
684 1877 889 1941 etiam
918 1882 1121 1959 atque
1149 1877 1351 1938 etiam
1372 1877 1596 1939 animo
1619 1873 2164 1959 prospiciendum
2189 1880 2314 1954 est,
2338 1894 2506 1959 quo-

290 1992 449 2038 nam
476 1976 679 2041 modo
707 1997 847 2041 rem
874 1978 1180 2041 stabilias
1210 1978 1780 2059 eommuniasque.
1851 1970 2027 2038 Mihi
2051 1974 2318 2058 quidem
2349 1996 2504 2059 quoe

292 2093 481 2165 mens
510 2078 830 2160 suppetit,
860 2078 1084 2163 eloqui
1107 2096 1239 2141 non
1266 2076 1607 2142 dubitabo.
1653 2076 1963 2141 Ceterum
1987 2076 2090 2141 tui
2116 2077 2242 2141 erit
2267 2078 2510 2159 ingenii

294 2177 603 2257 probare,
634 2199 787 2262 quoe
815 2198 980 2243 vera
1008 2184 1207 2261 atque
1234 2178 1425 2243 utilia
1446 2178 1636 2243 factu
1664 2185 1888 2261 putes,

384 2279 471 2343 In
519 2278 689 2345 duas
736 2286 964 2364 partes
1011 2298 1137 2363 ego
1185 2280 1528 2345 civitatem
1576 2278 1862 2345 divisam
1909 2280 2210 2359 arbitror,
2259 2281 2434 2345 sicut
2469 2300 2513 2345 a

294 2384 945 2469 maJoribusaceepi,
976 2385 1047 2448 in
1085 2389 1315 2467 patres
1354 2390 1421 2448 et
1463 2385 1748 2467 plebem.
1836 2383 2056 2449 Antea
2094 2386 2163 2448 in
2202 2387 2510 2469 patribus

298 2504 559 2552 summa
586 2488 949 2551 auotoritas
976 2493 1140 2564 erat,
1168 2487 1277 2551 vis
1304 2487 1515 2552 multo
1543 2489 1842 2552 maxima
1867 2487 1939 2550 in
1965 2487 2183 2569 plebe.
2271 2487 2512 2571 Itaque

300 2579 553 2672 saep'ius
582 2588 651 2652 in
680 2588 947 2653 civitate
977 2589 1308 2652 secessio*
1336 2587 1494 2654 fuit:
1535 2607 1926 2673 semperque
1952 2587 2317 2652 nobilitatis
2349 2609 2515 2674 opes

302 2689 643 2756 diminutae
674 2697 849 2769 sunt,
882 2695 949 2755 et
984 2690 1099 2774 jus
1138 2691 1374 2774 populi
1404 2691 1907 2774 amplificatum.
1993 2689 2128 2753 Sed
2156 2689 2389 2772 plebes
2432 2709 2514 2754 eo

299 2793 505 2858 libere
532 2792 857 2874 agitabat3
888 2792 1049 2876 quia
1076 2792 1323 2856 nullius
1352 2790 1647 2874 potentia
1673 2811 1872 2875 super
1894 2793 2074 2874 leges
2103 2795 2270 2873 erat3
2301 2810 2518 2875 neque

304 2894 580 2972 divitiis,
611 2894 1090 2978 aut-superbia,
1138 2893 1256 2957 sed
1301 2894 1482 2958 bona
1509 2893 1708 2972 fama,
1739 2893 2067 2978 factisque
2094 2893 2374 2958 fortibus
2402 2912 2518 2956 no-

302 2996 461 3062 bilis
484 2996 838 3080 ignobilem
866 2997 1191 3062 anteibat:
1236 2997 1642 3060 humillimus
1691 3000 1976 3080 quisque
2022 2998 2089 3060 in
2121 2997 2376 3073 armis,¹
2405 3001 2520 3059 aut

304 3097 567 3177 militia,
596 3098 847 3163 nullius
874 3098 1171 3162 honestae
1200 3100 1297 3162 rei
1322 3118 1543 3181 egens,
1575 3099 1744 3162 satis
1769 3099 1924 3175 sibi,
1950 3097 2248 3179 satisque
2277 3097 2516 3178 patriae

372 3309 396 3344 ⁵
428 3311 529 3368 Qun·
548 3312 706 3374 macie
722 3316 888 3374 optma
910 3310 1175 3360 libertatem
1195 3325 1332 3360 mam
1367 3309 1422 3359 in
1454 3308 1706 3358 discrimen
1737 3310 1986 3370 adducere,
2024 3322 2086 3356 ex
2123 3305 2394 3356 calamitate
2417 3308 2522 3363 tua,

308 3391 449 3441 quam
472 3377 738 3426 Romanum
761 3376 1037 3439 Imperium,
1056 3390 1119 3424 ex
1140 3390 1329 3438 magno,
1346 3390 1435 3438 per
1456 3375 1639 3439 tefieri
1657 3373 1936 3422 maximum.

1306 3484 1522 3536 NOTAE

306 3581 459 3648 Sylla
474 3583 737 3635 crudelior
758 3583 878 3634 fnit.
1002 3611 1009 3618 ·
1453 3584 1654 3645 perdere
1688 3580 1928 3643 dubitant,
1957 3579 2092 3629 modo
2112 3575 2203 3627 tibi
2224 3577 2429 3640 aliquam
2439 3573 2524 3635 fa-

374 3662 393 3694 ⁸
426 3661 545 3710 Cum
568 3659 769 3722 Catone]
826 3659 1069 3723 Intellige
1100 3659 1381 3709 Senatores
1458 3659 1590 3707 ciunt
1610 3657 1958 3710 contumeliam.

314 3751 347 3785 ι
380 3736 598 3798 Catone,
638 3735 892 3795 Domitio,
929 3735 1147 3798 aliisque
1186 3749 1253 3785 ex
1274 3733 1380 3784 fac-
1525 3744 1548 3768 V
1585 3735 1846 3799 TanteteiJ·
1873 3735 2050 3798 Major
2067 3738 2149 3782 est
2170 3737 2344 3780 autem
2357 3742 2418 3779 ea
2436 3743 2525 3779 vo·

310 3811 454 3861 tione
474 3811 673 3860 Caesari
706 3809 945 3870 adversa,
974 3807 1279 3858 interfectos
1302 3807 1377 3858 fu·
1458 3813 1631 3877 luptae
1655 3827 1772 3877 quae
1795 3810 2079 3875 insperanti
2103 3805 2314 3856 accidit·

314 3887 449 3946 isse;
484 3884 763 3935 dummodo
787 3899 854 3934 ne
877 3883 999 3949 quid
1024 3899 1088 3932 ex
1113 3883 1190 3932 ira
1212 3893 1267 3932 et
1290 3883 1379 3934 do·
1524 3895 1558 3921 w
1592 3887 1824 3950 Seceeeio]
1885 3889 1967 3936 De
2006 3885 2068 3933 iis
2089 3884 2202 3946 jam
2237 3880 2428 3944 saepius
2449 3877 2523 3929 vi-

313 3962 447 4024 lore,
484 3963 681 4012 Senatu
714 3969 885 4010 motus
906 3961 1174 4010 Sallustius
1195 3961 1379 4009 admis·
1458 3963 1650 4013 dimus.

315 4047 453 4091 eeat.
518 4042 665 4091 Nota
682 4055 805 4091 vero
822 4041 1062 4105 phrasim,
1082 4056 1184 4104 qun
1206 4039 1380 4101 facile,
1526 4047 1552 4073 ¹
1584 4038 1771 4101 Armis]
1839 4035 2134 4100 Ingeniose,
2172 4033 2237 4082 ad
2261 4029 2526 4082 vitandam

316 4129 416 4166 nee
436 4117 589 4166 aliter
604 4131 754 4182 quam
773 4118 827 4166 in
848 4131 905 4166 re
925 4117 1187 4166 notissima
1202 4117 1381 4165 utaris.
1464 4108 2526 4179 tautologiam,Sallustioindignam,Dou-

386 4197 411 4224 ²
444 4191 619 4256 cidus]
681 4193 747 4242 Id
783 4197 883 4255 est,
924 4191 1023 4248 Qui
1057 4207 1205 4255 neque
1236 4193 1385 4240 vitam
1461 4207 1524 4242 a
1543 4207 1640 4258 pro
1659 4192 1824 4256 mie,
1845 4190 1996 4240 unius
2017 4189 2210 4239 litterae
2233 4186 2336 4237 levi
2355 4193 2524 4236 mutu·
2603 4213 2616 4222 ο
