2930 4758
844 302 945 352 nn
992 298 1160 355 aar.
1209 302 1670 382 cummuni
1721 308 1832 357 ΕΡ.
1881 308 1966 357 11.
2385 294 2520 365 349

296 450 399 511 ter
428 446 707 523 ceteras,
738 450 945 511 artem
974 464 1177 511 unam
1206 448 1461 531 egregie
1489 449 1861 517 mirabilem
1897 457 2219 539 comperi,
2251 476 2514 542 semper

296 546 413 616 tibi
445 546 765 631 majorem
792 548 861 610 in
890 548 1213 629 adversis,
1242 570 1445 633 quam
1501 553 1564 616 in
1611 554 1921 619 secundis
1963 558 2162 621 rebus
2211 560 2510 647 animum
2567 580 2576 587 ·

294 667 469 715 esse.
561 649 697 713 Sed
722 670 844 733 per
872 656 1129 717 ceteros
1158 655 1496 719 mortales⁶
1522 656 1638 721 illa
1667 678 1770 722 res
1799 659 2042 723 clarior
2067 667 2189 740 est,
2231 662 2417 745 quod
2445 667 2516 727 et

294 722 482 835 prius
511 752 755 829 defessi
782 754 915 819 sint
941 755 1243 821 homines
1281 758 1622 824 laudando
1651 765 1852 844 atque
1881 762 2271 829 admirando
2299 764 2514 829 muni-

293 852 623 919 ficentiam
651 862 856 932 tuam,
887 876 1087 939 quam
1116 863 1185 922 tu
1216 858 1548 938 faciendo,
1581 882 1732 944 quae
1764 864 1972 945 gloria
1998 864 2198 947 digna
2227 873 2466 932 essent.

383 954 714 1051 Equidem
762 958 925 1023 mihi
969 959 1327 1033 decretum,
1358 968 1483 1041 est,
1529 964 1690 1029 nihil
1741 970 1880 1029 tam
1925 986 2016 1029 ex
2044 968 2200 1031 alto
2239 970 2514 1051 reperiri

287 1076 514 1141 posse,
562 1059 747 1141 quod
797 1079 931 1125 non
979 1062 1303 1143 cogitanti
1351 1065 1472 1127 tibi
1501 1065 1568 1129 in
1597 1071 1858 1148 promtu
1887 1068 1995 1131 sit.
2086 1066 2328 1152 Neque
2357 1091 2514 1153 ego,

292 1180 448 1245 quae
487 1162 638 1227 visa
685 1168 861 1241 sunt,
921 1165 1005 1228 de
1054 1184 1193 1248 rep.
1236 1165 1360 1229 tibi
1419 1167 1680 1250 scripsi,
1733 1168 1900 1251 quia
1949 1168 2113 1233 mihi
2161 1172 2512 1239 consilium

294 1268 496 1349 atque
518 1266 848 1347 ingenium
876 1285 1095 1329 meum
1128 1266 1415 1349 amplius
1462 1264 1689 1349 aequof
1730 1270 2148 1352 probaretur:
2195 1271 2311 1335 sed
2341 1273 2514 1337 inter

290 1365 551 1429 labores
581 1366 866 1444 militiae,
902 1368 1203 1451 interque
1231 1367 1490 1450 praelia,
1525 1371 1863 1449 victoriaS,
1897 1373 2271 1455 imperium,
2305 1374 2512 1439 statui

290 1466 777 1533 admonendum
830 1472 894 1530 te
940 1467 1025 1532 de
1075 1468 1355 1551 negotiis
1406 1470 1702 1533 urbanis.
1795 1470 2108 1555 Namque
2156 1474 2281 1537 tibi
2325 1476 2384 1539 si
2413 1476 2513 1539 idss

286 1567 491 1635 modo
518 1571 587 1633 in
617 1574 884 1653 pectore
930 1571 1193 1635 consilii
1224 1578 1348 1648 est,
1401 1574 1498 1635 uti
1550 1575 1615 1635 te
1663 1572 1750 1649 ab
1793 1574 2204 1649 inimicorum
2258 1576 2512 1657 impetu

289 1672 612 1753 vindices,
640 1692 905 1756 quoque
934 1672 1135 1735 modo
1166 1678 1395 1737 contra
1420 1672 1769 1737 adversum
1795 1673 2162 1737 consulem¹³
2185 1676 2513 1745 beneficia

288 1775 527 1859 populi
556 1776 871 1843 retineas:
917 1776 1186 1857 indigna
1228 1777 1474 1841 virtute
1525 1781 1646 1841 tua
1691 1777 1964 1858 cogites.
2049 1777 2176 1841 Sin
2204 1778 2275 1849 in
2304 1782 2368 1841 te
2396 1778 2510 1841 ille

290 1877 553 1954 animus
584 1883 710 1955 est,
742 1879 855 1960 qui
878 1879 1025 1962 jam
1055 1897 1096 1942 a
1124 1879 1456 1961 principio
1483 1877 1852 1941 nobilitatis
1873 1878 2233 1943 factionem
2263 1879 2506 1945 distur-
2549 1914 2556 1921 ·

287 1980 499 2057 bavit,
522 1980 787 2063 plebem
812 1980 1013 2045 Rom.
1040 2000 1129 2045 ex
1152 1981 1339 2063 gravi
1362 1982 1676 2047 servitute
1699 1982 1768 2045 in
1794 1981 2166 2045 libertatem
2193 1982 2508 2061 resituit‚

287 2083 357 2153 in
383 2086 682 2165 praetura
711 2083 1132 2148 inimicorum
1162 2102 1348 2147 arma
1376 2084 1648 2149 inermis
1677 2082 1968 2167 disjecit3
2015 2080 2195 2147 domi
2221 2084 2509 2150 militiae-

288 2202 419 2269 que
448 2188 631 2267 tanta
675 2190 745 2249 et
772 2190 911 2267 tam
941 2185 1263 2268 praeclara
1289 2185 1592 2263 facinora
1620 2185 1804 2262 fecit,
1841 2186 1937 2249 uti
1965 2204 2048 2247 ne
2067 2178 2509 2269 inimici-qui-

288 2283 441 2349 dem
468 2285 596 2351 fari
626 2286 988 2371 quicquam
1016 2288 1320 2368 audeant,
1350 2288 1481 2351 nisi
1530 2288 1612 2365 de
1659 2287 2106 2368 magnitudine
2152 2298 2300 2361 tua:
2348 2288 2508 2370 quin

288 2387 527 2472 accipe
558 2393 630 2452 tu
656 2408 760 2466 ea,
804 2407 960 2473 quae
1004 2387 1226 2454 dicam
1274 2389 1357 2477 de
1384 2387 1662 2453 summai
1693 2376 2060 2472 republica.
2152 2386 2325 2465 Quae
2351 2407 2508 2471 pro·

284 2487 457 2554 fecto
488 2495 605 2555 aut
636 2498 706 2554 tu
733 2509 893 2555 vera
920 2491 1243 2572 invenieS,
1273 2496 1387 2555 aut
1418 2496 1595 2556 certe
1623 2490 1800 2554 haud
1830 2489 2068 2578 procul
2099 2508 2144 2552 a
2172 2508 2356 2553 vero.

376 2589 513 2654 Sed
540 2592 850 2675 quoniam
881 2590 1005 2656 Gn.
1046 2592 1413 2675 Pompeius
1442 2596 1560 2654 aut
1587 2593 1787 2656 animi
1818 2591 2167 2676 pravitate,
2201 2594 2319 2653 aut
2347 2590 2508 2674 quia

284 2691 449 2770 nihil
476 2683 729 2785 maluit,
756 2714 954 2778 quam
981 2694 1163 2778 quod
1192 2695 1323 2758 sibi
1351 2677 1639 2784 obesset,
1670 2695 1768 2757 ita
1792 2681 2026 2776 lapsus
2047 2698 2171 2770 est,
2195 2697 2270 2755 ut
2295 2693 2506 2756 hosti-

285 2797 415 2860 bus
442 2773 621 2860 tela
602 2817 670 2859 m
698 2815 935 2861 manus
974 2797 1257 2880 jaceret:
1306 2796 1554 2878 quibus
1602 2796 1712 2859 ille
1760 2795 1957 2859 rebus
2000 2813 2207 2876 remp.
2239 2801 2506 2859 contur-

284 2897 496 2974 bavit,
554 2897 803 2961 eisdem
863 2898 987 2961 tibi
1042 2893 1544 2961 restituendumk
1604 2902 1726 2962 est.
1846 2895 2146 2958 Primum
2213 2895 2505 2959 omnium

283 2995 625 3090 summam¹
668 3003 1062 3092 potestatem
1110 2997 1497 3086 moderandi
1543 2997 1625 3088 de
1650 2997 2115 3089 vectigalibus,
2145 2997 2499 3075 sumtibuS,

1288 3197 1503 3248 No'rAE

350 3331 373 3361 θ
404 3329 505 3386 Per
527 3334 705 3395 ceteros
726 3331 966 3396 monotes]
1028 3327 1135 3392 Alii
1157 3328 1353 3380 habent
1431 3329 1688 3383 Marcello
1699 3334 1759 3388 et
1769 3327 1988 3388 Lentulo
2004 3323 2328 3388 Consulibus,
2341 3324 2506 3390 scrip.

276 3419 367 3468 per
389 3405 517 3456 Deos
537 3405 842 3456 numanam.
1432 3413 1536 3456 tam
1554 3403 1712 3454 fuisse
1729 3405 1861 3453 hanc
1879 3402 2154 3465 epistolam
2173 3399 2504 3452 crediderim.

349 3478 370 3514 ¹
396 3481 617 3550 Ampliuq
653 3485 806 3551 raquo]
862 3483 966 3535 Qui
1002 3482 1153 3548 alteri
1182 3483 1351 3546 consi·
1494 3480 1612 3545 ‚¹Df
1631 3479 1838 3542 suonma]
1900 3479 2098 3539 Omnes
2120 3476 2279 3525 libros
2301 3477 2360 3526 de
2379 3490 2506 3525 mn-

281 3555 409 3608 lium
426 3556 539 3618 dat,
557 3559 794 3622 superior
811 3573 923 3608 esse
937 3557 1161 3608 videtur.
1209 3559 1348 3608 Illud
1432 3573 1510 3608 ma
1527 3556 1804 3620 Republica,
1834 3553 2088 3618 quomodo
2113 3551 2225 3602 fere
2248 3550 2506 3616 priscilo-

283 3639 501 3682 excusat
518 3633 813 3701 Sallustius.
1434 3632 1544 3706 epti
1582 3638 1720 3694 sunt,
1744 3631 1998 3695 scriptum
2035 3630 2244 3692 habere,
2273 3634 2499 3678 testatur

348 3715 374 3752 ε
407 3707 467 3758 Si
484 3708 561 3772 id]
615 3710 799 3770 Tacite
818 3709 989 3773 innuit
1007 3709 1224 3774 injurias
1244 3709 1353 3759 vin·
1431 3710 1636 3760 Carrio.

284 3782 553 3846 dicandas,
607 3791 663 3834 et
696 3799 987 3850 supremam
1030 3790 1352 3849 potestatem
1494 3783 1522 3847 ‚k
1557 3784 1941 3847 Restieuendum]
2009 3785 2074 3834 In
2098 3782 2332 3832 omnibus
2353 3779 2502 3830 libris

284 3860 645 3912 invadendam.
1431 3863 1772 3908 restituendum
1845 3861 1948 3924 legi
2003 3864 2228 3920 testatur
2283 3855 2504 3917 Carri03

349 3933 375 3969 ¹¹
406 3935 667 3986 Adversum
716 3935 969 3998 consulem]
1038 3936 1353 3992 Marcellum
1434 3935 1612 4002 plu-asi
1635 3936 1869 4000 antiqua.

280 4011 535 4076 intelligo,
551 4029 666 4064 cum
684 4013 963 4074 AEmilium,
982 4013 1199 4061 alterum
1220 4012 1353 4070 Con·
1499 4008 1512 4040 ¹
1545 4010 1806 4072 Summam]
1878 4010 1934 4058 Si
1974 4023 2098 4057 vera
2128 4008 2358 4072 loqpitur
2389 4006 2504 4056 Sal·

280 4088 443 4138 sulem
468 4090 691 4152 pecunia
722 4091 897 4140 Caesar
922 4105 1071 4138 suum
1100 4086 1348 4139 fecisset:
1432 4087 1640 4150 Iustius,
1679 4086 1820 4152 hinc,
1860 4085 1978 4134 ideo
2025 4090 2224 4141 tantum
2260 4080 2504 4140 Tribuni-

282 4163 362 4216 hin
378 4165 671 4233 enim,non,
692 4174 751 4218 ut
775 4167 985 4234 quidam
1016 4166 1353 4232 existimavit,
1433 4163 1558 4214 tiam
1597 4167 1914 4228 potestatem
1943 4159 2234 4214 restituisse
2260 4155 2520 4224 Pompei·‚
