2930 4758
990 273 1483 344 FRAGMENTA,
1533 282 1680 331 mn.
1713 282 1818 329 1v.
2379 261 2512 340 81⁹7

383 424 619 493 scalas
646 444 839 510 pares
866 426 1187 490 moenium
1216 428 1580 492 altitudine.
1629 426 1932 495 Arusian.

387 528 734 593 Dissidere
778 529 939 592 inter
982 548 1053 593 se
1098 548 1382 613 coepere,
1427 550 1641 613 neque
1666 532 1736 594 in
1763 529 2082 595 mediumb
2109 535 2505 603 consultare.

302 628 501 693 Idem.

386 732 623 796 Multis
653 752 781 815 que
811 732 1309 815 suspicionibus
1350 734 1642 798 volentia
1689 734 1873 819 plebi
1911 734 2200 801 factums
2228 678 2504 803 videba-

296 838 423 899 tur.
474 830 740 911 Nonius,
790 838 811 869 ‘
833 834 1165 912 Volentia,
1198 853 1353 917 quae
1385 836 1578 917 plebs
1608 834 1848 900 vellet!

384 936 889 1019 Suspectusque
936 936 1089 1013 fuit,
1148 938 1469 1001 incertum
1525 958 1681 1002 vero
1723 958 1812 1001 an
1852 958 1973 1021 per
2018 940 2504 1023 negligentiam,

296 1037 676 1101 societatem
704 1036 1084 1119 praedarum
1115 1058 1267 1101 cum
1317 1038 1678 1103 latronibus
1727 1042 2215 1121 composuisse.
2299 1039 2504 1121 Idem,

298 1141 321 1171 ‘
350 1136 787 1221 componere,
818 1136 1255 1224 conjungere!
2159 1224 2162 1229 Ι

385 1238 724 1323 Collegam
750 1242 1088 1320 minorem,
1119 1246 1185 1305 et
1212 1242 1319 1304 sui
1350 1242 1664 1307 cultorem
1691 1248 2076 1327 expectans,
2126 1242 2190 1305 A
2195 1242 2430 1308 rusian.

388 1340 615 1419 Quam
654 1342 968 1406 maximis
1012 1342 1355 1411 itineribus
1393 1362 1514 1424 per
1551 1363 1816 1427 regnum
1847 1344 2324 1411 Ariobarzanis
2352 1366 2509 1410 con-

296 1442 528 1521 tendit,
558 1444 645 1507 ad
674 1445 914 1508 flumen
938 1442 1339 1527 Euphratem
1358 1452 1406 1523 ;ο
1465 1445 1690 1527 quain
1718 1452 1906 1529 parte
1946 1444 2390 1530 Cappadocia
2417 1448 2506 1512 ab

296 1540 613 1609 Armenia
626 1545 1058 1630 §disjungituiu
1148 1545 1236 1611 Et
1262 1564 1648 1629 quanquam
1678 1547 1765 1610 ad
1793 1548 1864 1611 id
1885 1566 2092 1611 naves
2121 1547 2504 1613 codicariae⁶

298 1647 561 1712 occulto
596 1667 713 1730 per
764 1646 1064 1731 hyemem
1108 1646 1449 1713 fabricatae
1499 1646 1786 1713 aderant.
1837 1644 2004 1713 Non.
2078 1653 2097 1681 ‘
2128 1647 2503 1715 Codicariae

295 1768 517 1827 naves,
545 1766 699 1832 quae
728 1750 799 1813 in
823 1748 1091 1812 flumine
1110 1750 1265 1811 usui
1293 1766 1445 1811 esse
1472 1748 1790 1830 possunt?

385 1844 525 1928 Qui
553 1850 1247 1933 praetergrediebantur
1292 1848 1552 1931 equites
1597 1849 2024 1932 cataphracti,
2068 1852 2300 1915 ferrea⁸
2325 1853 2506 1917 omni

296 1950 547 2034 specie.
595 1948 642 2011 I
638 1947 795 2013 dem.

385 2036 555 2115 Cum
580 2052 857 2131 interim,
900 2052 1167 2130 lumine,
1200 2054 1402 2117 etiam
1430 2058 1568 2117 tum
1597 2054 1871 2133 incerto,
1901 2054 2058 2117 duae
2090 2052 2336 2120 Galliae
2363 2073 2506 2120 mu·-

293 2152 488 2219 lieres
543 2160 936 2220 conventum
990 2156 1275 2219 vitantes
1328 2154 1417 2219 ad
1444 2151 1801 2219 menstruaf
1845 2155 2170 2220 solvenda
2215 2161 2505 2223 montem

286 2255 679 2321 ascendunt.
727 2252 923 2319 Idem.
1529 2296 1556 2333 0
2340 2313 2345 2318 .

386 2356 819 2442 Pluteosquess
872 2356 1184 2439 rescindit
1222 2378 1303 2423 ac
1346 2359 1740 2426 munitiones
1795 2359 2166 2438 demolitur,
2223 2358 2504 2444 locoque

296 2478 555 2525 summo
580 2460 845 2542 potitur.
895 2456 1096 2536 Idem,
1144 2463 1165 2492 ‘
1196 2459 1525 2524 Demoliri
1553 2466 1656 2525 est
1683 2459 1978 2524 diruere?

370 2560 758 2627 Exercitum
771 2561 1046 2639 dimisit,
1054 2566 1131 2625 ut
1146 2562 1432 2644 primum
1451 2561 1664 2646 Alpes
1683 2564 2029 2645 degressus
2042 2567 2166 2626 est.
2202 2561 2266 2624 A
2270 2559 2505 2625 rasian-

382 2663 797 2742 Tela-archas,
826 2683 1142 2747 regesque
1171 2666 1427 2727 territos
1459 2665 1658 2727 animi
1687 2663 1994 2728 firmavit.
2041 2660 2236 2726 Idem.

384 2763 598 2830 Simul
639 2786 779 2844 eOS,
810 2771 877 2830 et
920 2772 1197 2830 cunctos
1235 2764 1379 2848 jam
1408 2765 1760 2830 inclinatos
1785 2766 2066 2829 laxitate
2093 2767 2251 2843 loci,
2279 2765 2506 2849 plures

298 2865 618 2945 cohorteS‚
649 2872 845 2950 atque
894 2885 1143 2943 omneS,
1174 2870 1247 2929 ut
1289 2868 1359 2930 in
1406 2866 1700 2931 secunda
1747 2886 1818 2930 re
1861 2867 2110 3002 pariter
2139 2887 2290 2931 acre
2316 2868 2507 2934 inva-

300 2963 484 3030 dunt.
536 2962 801 3030 Nonius.
1190 3017 1199 3026 .

385 3065 484 3130 Hi
510 3067 810 3131 locorum
838 3068 1186 3150 pei-ignari,
1225 3072 1291 3131 et
1334 3030 1514 3131 soliti
1541 3072 1796 3132 nectere
1835 3087 1926 3131 ex
1952 3068 2310 3132 viminibus
2337 3041 2506 3136 vasa

296 3169 599 3251 agrestia,
623 3167 720 3232 ibi
748 3174 911 3247 tum,
944 3166 1121 3252 quod
1162 3168 1397 3251 inopia
1439 3173 1772 3232 scutorum
1812 3168 2046 3246 fuerat,
2093 3167 2182 3234 ad
2225 3189 2374 3234 eam
2400 3189 2503 3234 ar-

1290 3442 1507 3495 No'rAE

360 3588 385 3624 ὓ
406 3555 711 3653 Ιιυπειὶίιιῇι]
741 3589 809 3638 Id
830 3595 932 3653 cst,
951 3589 1002 3639 in
1025 3604 1275 3640 commune.
1437 3601 1525 3650 que
1543 3599 1697 3636 menae
1711 3591 2082 3650 peragerentur-³
2096 3575 2264 3654 idque
2282 3543 2505 3652 prolixe,

360 3673 382 3700 ⁶
402 3665 721 3730 Euphratem]
754 3667 1046 3728 Euphrates
1068 3664 1255 3716 fluvius
1277 3671 1358 3716 est
1438 3669 1496 3712 et
1518 3663 1680 3726 Lipsii
1704 3663 1982 3724 sententia,
2009 3670 2066 3714 et
2087 3663 2354 3714 Plutarchi
2387 3679 2505 3714 auc-

294 3741 435 3794 Aniae
460 3742 821 3792 nobilissimus.
1206 3795 1221 3808 ‚
1440 3741 1654 3790 toritate
1677 3741 1860 3790 Douza
1876 3739 2167 3795 confirmat.

359 3816 385 3850 θ
408 3817 691 3880 codicariae]
730 3818 793 3866 Id
817 3826 913 3878 est,
937 3817 1215 3866 secundum
1237 3818 1359 3866 Fes-
1506 3825 1532 3859 8
1559 3818 1860 3882 pluteosque]
1894 3817 2069 3865 Plutei
2085 3815 2331 3865 machina
2352 3819 2505 3864 erant

296 3898 425 3956 tum,
446 3908 509 3942 ex
530 3894 707 3942 tabulis
726 3891 1210 3951 crmsioribmsactoe.
1439 3891 1662 3950 bellica»,
1694 3892 1836 3941 corio
1869 3891 2100 3952 intectae,
2139 3903 2353 3954 quorum
2381 3899 2504 3938 usus

360 3975 384 4000 ‘
404 3969 608 4032 Ferrea]
656 3970 792 4034 Equi
824 3970 959 4018 enim
981 3975 1038 4018 et
1059 3968 1157 4032 ipsi
1177 3965 1359 4018 ferreis
1439 3969 1580 4018 idem
1603 3983 1767 4034 prope
1806 3969 1894 4033 qui
1926 3970 2212 4032 vinearum,
2233 3966 2298 4016 ad
2327 3979 2502 4018 muro·

292 4043 493 4093 laminis
511 4044 695 4094 muniti
717 4051 885 4094 erant.
1444 4044 1814 4099 suffodiendos.

358 4117 675 4188 {Homo-ua]
728 4121 795 4172 Id
816 4127 916 4188 est,
948 4122 1101 4173 Sacra
1124 4135 1231 4188 quoe
1247 4135 1357 4186 quo·
