2930 4758
454 276 541 342 18
1470 230 1647 339 vl'l'A
1756 297 1775 333 ·.·

462 445 812 505 nchix.¹
903 436 984 500 L.
1017 430 1324 499 Cornelio
1355 431 1569 499 Cinna
1604 450 1721 498 111.
1766 438 1835 500 et
1880 433 2005 513 Gn.
2044 430 2320 517 Papirio
2364 431 2677 499 Carbone

456 541 654 607 Coss.
731 540 832 604 Hi
861 538 1066 623 Syuae
1095 536 1336 599 infensi
1366 536 1612 611 bellum
1641 536 1837 599 civile
1864 537 2292 613 concitarunt,
2329 535 2506 617 quod
2534 554 2674 599 non

461 647 684 725 desiit,
713 645 845 708 nisi
872 647 1237 727 postquam
1267 639 1475 724 Sylla,
1498 640 1777 703 triennio
1804 642 1983 723 post,
2014 658 2231 703 rerum
2261 639 2515 721 potitus
2546 643 2676 704 est.

463 749 600 813 His
643 745 854 821 annis,
897 743 1114 807 omnis
1163 741 1420 823 generis
1457 740 1713 822 flagitia
1754 742 1822 803 in
1867 740 2069 805 Italia
2110 742 2489 817 commissa,
2530 740 2679 825 ple·-

460 851 762 931 beiaeque
803 852 868 909 et
905 842 1162 907 nobiles
1202 840 1475 905 familiae
1523 842 1957 923 gravissimas
1992 842 2404 906 calamitates
2442 860 2678 928 passae

463 955 660 1031 sunt3
699 947 874 1011 unde
900 945 1258 1026 intelligere
1281 943 1440 1007 licet
1465 944 1839 1007 miserrimo
1868 963 1948 1007 ac
1977 943 2501 1024 flagitiosissimo
2524 962 2681 1039 aevo

461 1056 686 1115 natum
742 1065 887 1111 esse
926 1044 1353 1121 Sallustium,
1401 1049 1469 1107 et
1514 1063 1647 1129 quo
1698 1045 1907 1109 multo
1951 1046 2166 1127 plura,
2218 1063 2369 1125 qnae
2415 1044 2682 1121 vitaret,

465 1170 668 1235 qnam
696 1166 850 1231 quae
878 1150 1282 1228 sequeretur,
1309 1144 1600 1208 videbat.
1691 1144 2012 1209 Parentes
2042 1152 2261 1209 tamen
2289 1144 2682 1229 ejusincul-

464 1256 646 1335 patae
672 1251 831 1315 vitae
861 1248 1068 1311 fuisse
1093 1245 1408 1310 credibile
1435 1244 1533 1322 fit,
1562 1244 1741 1328 quod
1768 1246 2030 1328 priscus
2063 1244 2516 1325 Declamator,
2559 1248 2681 1330 qui

467 1334 730 1418 nomine
761 1346 1099 1412 Ciceronis
1127 1346 1200 1409 in
1229 1345 1618 1409 Sallustium
1647 1345 1949 1411 invectus
1978 1351 2100 1424 est,
2132 1347 2481 1430 omniaque
2520 1365 2684 1411 con-

471 1452 764 1538 quisivit,
795 1469 948 1532 quae
981 1449 1051 1510 in
1081 1464 1231 1510 eum
1259 1446 1394 1511 dici
1431 1452 1725 1529 possent,
1751 1447 1913 1511 nihil
1949 1448 2018 1512 in
2046 1448 2248 1526 fama,
2276 1448 2685 1511 rumoribus-

471 1574 601 1639 que
657 1549 1123 1633 subsequentis
1180 1548 1401 1613 aetatis
1457 1548 1799 1625 invenerit,
1858 1549 2035 1632 quod
2094 1550 2181 1613 iis
2230 1550 2683 1633 exprobraret.

470 1657 743 1721 Patrem
791 1656 962 1717 certe
1009 1649 1312 1715 Sallustii
1363 1670 1434 1713 se
1484 1651 1817 1732 praeterire
1876 1653 2005 1731 ait;
2069 1656 2089 1683 ‘
2122 1652 2236 1733 qui
2290 1649 2395 1727 si‚'
2442 1652 2686 1735 inquit,

471 1762 492 1791 ‘
511 1774 847 1838 nunquam
891 1754 963 1815 in
1006 1753 1148 1815 vita
1191 1770 1318 1814 sua
1346 1747 1721 1833 peccasset,
1752 1758 1975 1815 tamen
2019 1752 2336 1834 majorem
2375 1752 2685 1837 injuriam

473 1855 899 1938 Reipublicae
954 1853 1174 1916 facere
1223 1870 1356 1914 non
1409 1853 1762 1934 potuisset,
1811 1873 2009 1936 quam
2055 1854 2238 1936 quod
2289 1874 2439 1918 eum
2481 1853 2686 1918 talem

471 1958 680 2023 filium
707 1952 1060 2037 genuerat.⁸
1145 1952 1452 2037 Subjicit,
1486 1972 1560 2017 se
1593 1958 1613 1987 ‘
1644 1974 1779 2017 non
1806 1956 2049 2039 exequi
2076 1958 2135 2020 si
2154 1976 2289 2040 qua
2307 1957 2379 2019 in
2405 1954 2688 2039 pueritia

474 2050 831 2143 peccasset
867 2054 1246 2129 Sallustius,
1277 2071 1358 2115 ne
1393 2060 1736 2136 parentem
1774 2054 1921 2138 ejus
1966 2075 2283 2119 accusare
2330 2056 2685 2134 videretur,

473 2160 594 2243 qni
641 2176 722 2221 eo
773 2162 1067 2237 tempore
1121 2172 1444 2217 summam
1505 2155 1649 2239 ejus
1696 2161 2092 2237 potestatem
2143 2154 2415 2222 habuit?
2504 2154 2683 2233 Quae

477 2260 682 2324 ver-ba
728 2258 910 2325 satis,
937 2254 1314 2331 ostendunt,
1347 2258 1593 2337 probra
1633 2258 1813 2321 nulla
1850 2258 1917 2321 in
1965 2258 2297 2321 Historici
2322 2258 2529 2321 nostri
2568 2273 2689 2341 pa-

478 2364 692 2424 rentes
737 2363 892 2424 tunc
941 2355 1260 2439 temporis
1295 2354 1529 2439 jacta·;
1573 2366 1784 2440 neque
1826 2358 1999 2422 enim
2042 2360 2125 2424 iis
2154 2359 2504 2446 vehemens
2550 2358 2689 2423 De-

480 2462 797 2526 clamatot
840 2459 1292 2541 pepercisset,·
1316 2461 1391 2522 ut
1421 2457 1764 2524 Sallustii·
1797 2461 2160 2543 nequitiam
2207 2461 2691 2526 credibilior-em

477 2561 796 2634 redderet.
1404 2575 1415 2584 ·
2260 2647 2267 2656 ⁶

566 2662 908 2727 Plebeiam
937 2659 1085 2742 ejus
1112 2660 1453 2739 familiam,
1476 2681 1607 2726 non
1618 2665 1998 2746 :patu-iciam,
2018 2670 2091 2729 ut
2114 2667 2411 2731 nonnulli
2430 2667 2687 2745 volunt,

477 2764 690 2828 fuisse
735 2762 969 2843 liquet,
1013 2780 1102 2824 ex
1146 2781 1226 2824 eo
1262 2762 1441 2843 quod
1489 2762 1826 2828 Tribunus
1874 2765 2101 2830 Plebis
2146 2768 2377 2848 suerit3
2423 2787 2511 2832 ac·
2533 2787 2691 2832 sane

480 2863 728 2944 ubique
757 2861 1110 2925 innobiles
1139 2861 1488 2938 invehitur,
1518 2873 1599 2928 a‘c
1642 2868 2008 2946 praesertim
2054 2869 2123 2930 in
2166 2869 2473 2935 Historia
2517 2871 2695 2936 Belli

480 2963 886 3045 Jugurthini,
915 2966 982 3024 et
1026 2962 1392 3044 posteriore
1437 2963 1746 3046 Epistola
1784 2966 1872 3030 ad
1920 2965 2000 3031 C.
2034 2967 2376 3034 Caesarem
2402 2969 2506 3034 de
2554 2970 2692 3036 Re·-

481 3065 756 3149 publica
789 3063 1194 3128 ordinanda.
2656 3083 2671 3096 ·

569 3164 636 3230 A
665 3166 904 3230 teneris
935 3166 1128 3231 annis
1157 3167 1489 3234 excultam
1514 3169 1989 3252 eloquentiam,
2020 3176 2085 3234 et
2118 3173 2693 3255 operamdiligen-

483 3273 618 3332 tem
659 3267 866 3338 literis
897 3286 939 3332 a
969 3265 1288 3334 Sallustio
1316 3267 1567 3347 datam,
1604 3272 1773 3336 satis
1814 3272 2166 3336 ostendunt
2208 3273 2355 3357 ejus
2404 3269 2690 3356 scripta}

483 3385 701 3450 neque
728 3368 900 3432 enim
927 3368 1026 3434 ita
1053 3369 1373 3446 scribunt,
1403 3372 1523 3453 qui
1550 3375 1765 3437 serius
1794 3393 1941 3438 sese
1970 3374 2057 3437 ad
2100 3375 2440 3439 literarum
2456 3375 2693 3444 ‚studia

485 3469 918 3534 contulerunt.
979 3467 1147 3531 Ideo
1174 3470 1374 3544 fidem
1399 3473 1460 3534 ei
1492 3474 1759 3538 minime
1788 3474 2457 3561 detraxerim'dicenti
2478 3475 2693 3558 Epist.

491 3585 576 3635 11.
601 3570 704 3633 ,ad
745 3568 1085 3636 Caesarem
1130 3575 1151 3604 ‘
1175 3578 1531 3654 postquam
1572 3575 1704 3639 sibi
1745 3581 1933 3653 aetaS,
1979 3579 2439 3660 ingeniumque
2468 3579 2693 3644 adole-

486 3672 714 3749 visset,
745 3691 818 3734 se
846 3671 1024 3734 haud
1053 3672 1253 3737 ferme
1299 3675 1501 3738 armis
1536 3684 1735 3759 atque
1776 3681 1969 3760 equis
2004 3698 2251 3761 corpus
2288 3679 2692 3760 exercuisse,

490 3771 612 3838 sed
635 3772 926 3836 animum
953 3774 1022 3837 in
1051 3773 1253 3862 literis
1283 3776 1569 3857 agitasse
1594 3797 1611 3857 ;
1656 3786 1743 3856 et,
1771 3779 1953 3861 qu'od
1984 3789 2219 3844 natura
2254 3781 2503 3874 firmius
2532 3789 2693 3861 erat,

488 3873 817 3960 ingenium
843 3873 912 3936 in
935 3872 1278 3942 laboribus
1306 3875 1662 3944 habuisse.'
1728 3879 1866 3944 Sed
1892 3885 1961 3944 et
1985 3881 2113 3945 hoc
2143 3881 2390 3948 diserte
2421 3887 2692 3949 testatur

1249 4095 1258 4102 ’
1309 4099 1314 4108 “
1368 4099 1395 4148 1
1427 4095 1497 4152 A.
1524 4097 1584 4148 C.
1607 4111 1812 4150 xxxxv.
