2930 4758
386 232 533 313 352
1183 249 1285 297 An
1333 249 1395 295 c.
1442 246 1808 297 cAEsAREM

384 397 550 463 e‘rat.
638 391 775 457 Sed
804 390 924 457 ubi
968 410 1087 457 eos
1131 392 1456 479 paulatim
1505 393 1830 475 expulsos
1882 391 2084 475 agris,
2139 391 2370 459 inertia
2401 382 2606 479 atque
2675 476 2682 483 ι

386 494 621 580 inopia
644 497 931 561 incertas
962 496 1197 560 domos
1226 496 1471 560 habere
1501 497 1796 577 subegit:
1845 492 2112 579 coepere
2154 495 2406 559 alienas
2437 514 2608 578 opes

388 604 633 687 petere,
665 599 1033 661 libertatem
1064 617 1251 662 suam
1277 617 1432 661 cum
1460 599 1806 681 republica
1835 599 2132 661 venalem
2160 598 2418 662 habere.
2495 597 2608 661 Ita
2653 638 2660 646 =

387 701 706 789 paulatim
734 701 1045 783 populuS‚
1073 700 1189 782 qui
1218 700 1524 763 dominus
1565 704 1728 775 erat,
1771 706 1838 764 et
1866 700 2124 765 cunctis
2137 696 2457 781 'gentibus
2483 700 2610 763 im-

385 803 745 888 peritabat,
776 802 1079 885 dilapsus
1106 807 1242 866 est:
1288 807 1351 866 et
1393 822 1516 886 pro
1566 804 1900 867 communi
1937 798 2237 885 imperio,
2286 792 2606 884 privatim

386 904 519 992 sibi
550 905 831 988 quisque
861 906 1239 969 servitutem
1267 905 1545 987 peperit.
1635 904 1814 969 Haec
1849 904 2049 987 igitur
2093 903 2443 967 multitudo
2470 904 2613 986 pri-

297 1060 305 1082 .
388 1028 570 1073 mum
598 1007 794 1070 malis
824 1007 1123 1070 moribus
1152 1006 1427 1082 imbuta,
1461 1005 1696 1070 deinde
1727 1007 1798 1069 in
1827 1010 2022 1083 arteS‚
2043 1007 2348 1089 vitasque
2385 1006 2608 1071 varias

388 1108 775 1195 dispalatay
802 1109 982 1173 nullo
1020 1107 1220 1171 modo
1267 1108 1435 1171 inter
1481 1126 1552 1171 se
1581 1126 1974 1189 congruenS,
2003 1125 2243 1189 parum
2269 1106 2432 1169 mihi
2457 1107 2609 1189 qui-

388 1209 538 1276 dem
582 1211 825 1274 idonea
868 1209 1127 1273 videtur
1176 1208 1263 1273 ad
1312 1208 1798 1295 capessendam
1841 1208 2164 1292 rempubl.
2271 1206 2607 1285 Ceterum,

388 1312 635 1379 additis
663 1312 861 1376 novis
890 1310 1178 1387 civibuS,
1210 1330 1453 1393 magna
1498 1331 1604 1374 me
1648 1330 1804 1393 spes
1849 1315 2048 1387 tenet,
2079 1309 2242 1385 sore,
2271 1313 2345 1389 ut
2373 1328 2609 1373 omnes

386 1415 934 1497 expergiscantur
984 1413 1074 1476 ad
1131 1414 1540 1479 libertatem:
1587 1415 1842 1497 quippe
1891 1432 2048 1476 cum
2095 1412 2230 1475 illis
2271 1408 2609 1475 libertatis

386 1516 765 1594 retinendae,
799 1520 938 1582 tum
966 1515 1073 1579 his
1102 1516 1439 1581 servitutis
1471 1515 1854 1579 amittendae
1886 1534 2047 1579 cura
2074 1515 2334 1578 orietur.
2423 1513 2608 1591 HoS,

388 1636 515 1701 ego
573 1638 841 1696 censeO,
893 1618 1264 1701 permixtos
1317 1636 1474 1681 cum
1520 1617 1855 1681 veteribus
1906 1634 2146 1693 novoS,
2199 1617 2268 1679 in
2321 1615 2610 1679 coloniis

388 1720 791 1785 constituas:
837 1720 935 1784 ita
977 1724 1043 1783 et
1070 1738 1175 1783 res
1204 1718 1508 1784 militaris
1539 1718 1916 1801 opulentior
1946 1718 2096 1796 erit,
2127 1724 2194 1782 et
2221 1718 2454 1800 plebes
2481 1719 2608 1780 bo-

386 1821 491 1887 nis
519 1822 805 1905 negotiis
834 1822 1155 1905 impedita
1184 1822 1430 1885 malum
1458 1810 1802 1903 publicum
1827 1820 2049 1883 facere
2080 1817 2356 1884 desinet.

474 1922 609 1987 Sed
660 1943 791 1987 non
840 1924 1117 1999 insciuS,
1165 1941 1379 2003 neque
1409 1920 1794 2003 imprudens
1826 1940 1970 1983 sum
2001 1941 2156 1985 cum
2195 1940 2277 1985 ea
2313 1940 2422 1985 res
2451 1940 2608 2004 age-

386 2031 513 2101 tur,
547 2042 701 2105 quae
750 2024 1034 2099 saevitia,
1088 2040 1369 2104 quaeque
1419 2025 1847 2103 tempestates
1895 2022 2235 2089 hominum
2278 2024 2636 2097 nobilium‘

384 2126 630 2190 futurae
666 2124 819 2201 sint,
856 2143 1007 2187 cum
1035 2123 1573 2203 indignabuntur,
1601 2124 1824 2189 omnia
1850 2124 2148 2191 funditus
2173 2126 2458 2201 misceri,
2488 2144 2606 2189 an·-

384 2227 591 2309 tiquis
636 2225 902 2291 civibus
931 2226 1102 2293 hanc
1134 2226 1544 2291 servitutem²
1572 2227 1850 2309 imponi,
1899 2245 2170 2309 regnum
2201 2227 2482 2309 denique
2511 2246 2606 2291 ex

384 2328 597 2399 libera
620 2328 887 2394 civitate
917 2329 1229 2406 futurum,
1260 2328 1378 2392 ubi
1426 2328 1626 2393 unius
1672 2348 1934 2393 munere
1982 2328 2336 2393 multitudo
2375 2329 2636 2410 ingens·

385 2432 456 2496 in
503 2432 840 2509 civitatem
884 2431 1269 2515 pervenerit.
1359 2430 1688 2514 Equidem
1739 2420 1860 2514 ego
1915 2433 2014 2495 sic
2071 2431 2254 2514 apud
2307 2431 2602 2494 animum

384 2552 602 2598 meum
628 2538 884 2598 statuo:
929 2534 1174 2597 malum
1221 2534 1486 2598 facinus
1537 2535 1606 2597 in
1635 2553 1709 2598 se
1739 2535 2174 2610 committere,
2206 2533 2322 2617 qui
2351 2533 2604 2602 incom-

366 2633 584 2714 ,modo
628 2635 791 2718 reip.
818 2634 1125 2716 gratiam
1177 2635 1305 2699 sibi
1360 2634 1704 2714 conciliet3
1750 2635 1867 2712 ubi
1925 2636 2200 2699 bonum⁸
2251 2633 2604 2716 publicum

384 2734 586 2800 etiam
616 2736 934 2817 privatim
965 2737 1115 2800 usui
1143 2741 1276 2800 est:
1324 2733 1394 2798 id
1425 2755 1580 2802 vero
1611 2735 1914 2799 dubitare
1947 2736 2242 2818 aggredi,
2274 2734 2602 2799 secordias

386 2839 585 2918 atque
615 2837 905 2916 ignaviae
960 2837 1160 2902 duco.
1253 2836 1351 2898 M.
1388 2837 1584 2902 Livio
1635 2835 1886 2900 Drusob
1935 2857 2199 2920 semper
2245 2837 2604 2904 consilium

382 2936 532 3015 fuit,
562 2937 631 3002 in
661 2937 991 3002 tribunatu
1020 2955 1280 3001 summa
1305 2958 1433 3023 ope
1454 2940 1576 3003 niti
1600 2959 1725 3022 pro
1753 2940 2127 3009 nobilitatez
2157 2959 2366 3022 neque
2397 2939 2603 3002 ullam

383 3059 524 3104 rem
576 3041 645 3102 in
698 3039 1029 3122 principio
1082 3059 1273 3120 agere
1320 3040 1620 3119 intendit,
1669 3041 1800 3104 nisi
1843 3041 1941 3105 illi
1993 3047 2300 3105 auctores
2350 3040 2601 3107 fierent.

386 3140 524 3204 Sed
576 3141 875 3204 homines
930 3140 1249 3218 factiosi,⁰
1307 3144 1548 3227 quibus
1606 3143 1822 3219 doluS,
1877 3147 2074 3225 atque
2130 3143 2405 3220 malitia,
2465 3140 2604 3206 fide

386 3243 645 3306 cariora
669 3247 879 3319 crant,
927 3243 1043 3306 ubi
1092 3243 1570 3321 intellexerunt,
1621 3263 1739 3328 per
1786 3263 1992 3306 unum
2027 3242 2354 3306 hominem
2383 3243 2602 3306 maxi-

384 3512 527 3562 tione
545 3511 675 3561 arvis
694 3513 939 3576 reposuit.
1533 3531 1618 3566 mo
1643 3517 1839 3579 publici
1864 3516 1984 3565 boni
2007 3513 2264 3565 rationem
2287 3513 2488 3583 habaeuit.

448 3597 472 3632 r
507 3589 784 3652 Dispalata]
842 3589 907 3637 Id
932 3597 1029 3651 est,
1048 3592 1258 3655 dispersa
1271 3609 1290 3651 ,-
1332 3609 1448 3643 cum
1597 3591 1620 3626 ὓ
1653 3593 1838 3655 Dum]
1903 3592 2186 3642 Politieum
2207 3591 2372 3646 virum
2405 3592 2474 3641 de
2496 3591 2600 3642 isto

384 3666 522 3718 aliud
549 3668 637 3716 alii
666 3681 824 3730 genus
843 3667 969 3716 vitae
994 3677 1353 3732 sequerentur.
1531 3668 1790 3716 Velleium
1827 3667 2046 3716 adivisse
2089 3681 2416 3731 nequaquam
2455 3669 2602 3731 pige-

447 3753 469 3778 2
500 3743 645 3794 Hanc
662 3743 964 3806 servitutem]
1028 3744 1093 3793 Id
1115 3751 1213 3806 est,
1235 3746 1335 3794 ltoec
1353 3763 1449 3796 om·
1535 3741 1630 3794 bit.

382 3819 467 3871 nia
506 3821 560 3870 in
580 3821 823 3872 civitatem
845 3819 1023 3880 induci,
1054 3825 1109 3868 ut
1132 3811 1365 3870 eeteribtoe
1384 3823 1451 3870 ci·
1576 3825 1619 3868 .⁰
1653 3817 1890 3880 Factiooi]
1955 3820 2040 3868 De
2069 3818 2330 3868 nobilibus
2351 3819 2602 3884 loquitur,

384 3897 520 3946 vibus
540 3897 788 3946 servitium
807 3896 1140 3959 imponeretur.
1532 3897 1762 3960 itemque
1785 3898 1996 3958 Senatu,
2019 3897 2105 3960 qui
2132 3898 2361 3947 Drusum
2383 3899 2602 3950 Senatui

448 3977 473 4003 ⁸
512 3971 607 4020 Ubi
628 3971 820 4034 bouum]
856 3973 1075 4022 Directe
1092 3972 1327 4035 dixisset,
1356 3975 1451 4024 Ubi
1533 3973 1630 4036 ipsi
1659 3971 1922 4023 faventem
1947 3985 2042 4036 per
2065 3972 2310 4024 invidiam
2331 3989 2601 4039 oppresses

384 4045 559 4094 &num
575 4048 814 4108 privatum
836 4049 982 4097 etiam
1008 4049 1197 4112 publice
1225 4050 1333 4098 usui
1354 4056 1451 4107 ech·
1532 4054 1670 4112 runt.
2407 4064 2415 4074 ·
2469 4049 2474 4054 ’
2585 4041 2596 4050 “

384 4132 567 4174 verum
594 4121 863 4186 honestius
894 4125 1175 4192 expressit,
1196 4139 1313 4191 cum
1349 4126 1451 4203 μή,
