2930 4758
961 302 1354 364 cA'rlLlNA,
1403 303 1567 350 oar.
1610 286 1716 351 30.

2344 285 2433 350 '7⁰9

194 444 616 546 1deorevere]
663 451 685 480 ‘
705 446 802 511 uti
849 445 1262 529 gladiamriae
1320 445 1623 510 familiae⁸
1672 443 1975 528 Capuam
2024 447 2093 507 et
2114 444 2183 506 in
2212 449 2431 508 eetera

210 549 577 632 municipia
623 547 1187 623 distribuerentur,
1236 546 1412 630 μοι,8
1469 547 1795 633 cujusque
1842 546 2086 629 opibus
2099 543 2147 610 :¹³
2191 544 2431 612 Romae
2471 542 2479 552 '

1138 707 1458 728 ‘NOOOOOON
1463 709 1495 728 Ο

216 793 282 839 18
313 795 362 840 ee
376 805 470 866 pro
490 792 696 842 N.-19
725 791 906 854 vigilia·
926 791 1104 842 crebra
1125 793 1189 843 B.

1215 903 1429 961 NOTAE

214 999 489 1064 Budaeum,
544 1007 688 1064 puta,
730 999 1156 1061 Hottomannum,
1200 1001 1291 1050 ali-

215 1089 406 1141 osque:
457 1091 627 1141 neque
667 1077 806 1126 enim
841 1090 1185 1141 quaecumque
1221 1076 1288 1126 ab

217 1153 334 1202 aliis
375 1152 507 1202 bene
545 1153 742 1216 scripta
776 1159 898 1201 sunit
929 1167 1060 1216 opus
1083 1158 1166 1201 est
1187 1153 1286 1202 huc

217 1229 586 1279 transcribere.
687 1227 923 1291 Interim,
971 1242 1037 1276 ne
1082 1228 1286 1278 omnino

213 1319 413 1356 vacuus
446 1305 706 1365 discedas,
741 1312 990 1368 quantum
1025 1305 1146 1353 satis
1169 1305 1289 1367 erit,

215 1382 450 1432 dicemus
475 1382 541 1430 ad
575 1381 727 1444 hujus
750 1381 851 1430 loci
873 1380 1287 1442 intelligentiam.

215 1457 526 1518 sestertius,
571 1456 646 1506 uti
691 1457 898 1520 quidem
943 1456 1177 1519 plurimis
1221 1471 1288 1504 ex

214 1535 350 1583 locis
391 1533 636 1596 colligere
679 1533 873 1594 videor,
917 1547 1150 1582 nummus
1188 1531 1289 1583 fuit

215 1611 388 1675 primo
422 1625 608 1672 aereus,
644 1610 815 1658 valore
848 1608 1066 1659 duorum
1103 1608 1289 1658 assium

218 1701 342 1738 eum
381 1687 614 1748 semisse,
654 1685 743 1750 qui
777 1693 962 1749 postea
983 1699 1048 1736 ex
1072 1689 1290 1746 argento

219 1760 468 1812 conflatus
489 1761 715 1826 quinque
735 1759 1016 1808 aestimatus
1031 1756 1172 1807 suit:
1217 1763 1294 1806 at-

221 1851 325 1902 que
363 1844 640 1900 utrumque
678 1837 721 1885 si
760 1837 825 1886 ad
860 1842 1078 1884 monetae
1099 1823 1292 1884 nostrae

221 1914 444 1964 Gallicae
464 1913 715 1965 rationem
737 1913 937 1977 exigas,
953 1913 1094 1976 prior
1111 1913 1294 1961 decem

219 1989 614 2040 'l'uronensibus
629 1989 1088 2052 denariolis‚paulo
1102 1989 1294 2052 pluris3

219 2065 309 2116 vel
321 2065 600 2115 secundum
619 2065 742 2114 alios
761 2066 1171 2128 quatuordecim,
1182 2079 1298 2128 pos-

222 2143 386 2192 terior
409 2139 566 2204 duplo
585 2139 799 2190 valebit.
866 2141 1059 2188 Verum
1081 2138 1299 2188 difficul-

201 2207 307 2268 ’ἴω
341 2219 394 2266 in
429 2231 491 2266 eo
527 2229 632 2264 non
669 2222 769 2276 est,
804 2229 920 2264 cum
945 2215 1140 2279 ubique
1179 2229 1296 2276 pro·

225 2301 374 2346 stent
385 2293 596 2344 Tabula
619 2305 714 2356 pro
738 2299 1057 2340 monetarum
1078 2290 1299 2342 aestima·

224 2373 384 2425 tione.
451 2368 774 2419 Numer-andi
796 2368 926 2418 ratio
946 2369 1044 2421 hac
1067 2367 1120 2416 in
1143 2375 1297 2431 parte

223 2448 596 2499 obscuritatem
633 2446 831 2507 attulit,
855 2460 1007 2509 quam
1031 2434 1214 2493 tamen‘
1228 2457 1296 2491 ex

227 2524 464 2589 pauculis
486 2521 819 2586 sequentibus
843 2520 994 2569 lineis
1019 2519 1294 2582 intelliges.

227 2600 451 2653 Quando
478 2611 720 2647 numerus
742 2596 881 2649 intra
904 2596 1042 2643 mille
1065 2594 1297 2643 contine-

226 2687 334 2742 tur,
356 2680 497 2729 nulla
517 2683 598 2727 est
625 2690 834 2741 prorsus
863 2674 1173 2732 difficultas3
1217 2686 1297 2721 ro·

227 2757 393 2807 tunde
412 2764 469 2806 et
489 2754 684 2819 absque
715 2752 821 2800 ulla
851 2749 1158 2814 praecisioue
1196 2749 1297 2797 Ro-

227 2831 389 2896 mani,
407 2832 544 2881 sicut
565 2836 620 2879 et
637 2829 742 2891 alii,
759 2831 1056 2877 numerant:
1092 2824 1184 2879 sed
1207 2838 1298 2874 nu-

227 2922 402 2958 merus
426 2906 628 2971 quando
653 2905 792 2953 mille
815 2917 1047 2951 nummos
1075 2916 1168 2950 seu
1197 2915 1300 2949 ses-

232 2985 422 3035 tertios
442 2982 670 3043 excedit,
681 2995 820 3043 saepe
832 2980 1174 3029 detruncatus
1191 2984 1298 3037 est;

229 3062 312 3111 ita
347 3067 410 3109 ut
448 3058 590 3108 mille
623 3072 720 3121 pro
750 3055 963 3119 singulis
987 3054 1091 3103 sint
1112 3053 1300 3103 intelli·

230 3136 406 3202 genili.
473 3136 604 3187 Cum
621 3146 816 3184 summa
827 3146 892 3181 eo
911 3146 1012 3197 quo
1025 3130 1132 3182 dixi
1147 3130 1302 3179 modo

233 3213 455 3276 amplius
484 3225 636 3274 quam
671 3208 812 3257 mille
837 3205 1302 3269 complectebatur,

234 3297 347 3339 tum
383 3301 478 3350 per
499 3284 803 3335 Genitivum
835 3281 1087 3345 pluralem
1123 3279 1303 3328 Sester-

229 3367 360 3415 tium
379 3364 520 3413 illam
547 3358 940 3424 exprimebant3
976 3356 1106 3405 adeo
1122 3361 1182 3404 ut
1202 3354 1306 3403 Sea-

233 3440 453 3501 tertim,
467 3446 523 3495 et
544 3438 686 3489 mille
706 3434 951 3494 sestertii,
975 3433 1082 3484 sint
1098 3445 1182 3480 res
1205 3444 1309 3479 una

239 3523 297 3566 et
319 3514 520 3564 eadem.
584 3512 738 3561 Unde
771 3508 990 3569 factum,
1025 3514 1082 3557 ut
1104 3505 1308 3569 Poetae,

238 3608 306 3643 ex
340 3590 588 3641 Genitivo
624 3587 714 3635 illo
755 3585 963 3650 plurali,
999 3597 1188 3632 nomen
1221 3596 1307 3644 ge-

237 3683 368 3721 nere
406 3672 595 3717 neutro
638 3662 928 3723 effecerint,
981 3674 1082 3724 quo
1137 3666 1308 3709 tannen

238 3747 340 3803 nisi
379 3747 432 3795 in
470 3757 685 3794 numero
723 3742 908 3806 plurali
931 3754 1034 3788 non
1057 3743 1312 3801 utuntur;

240 3832 404 3889 atque
441 3822 518 3871 ita
554 3822 657 3869 illis
699 3818 900 3880 singula
935 3816 1178 3865 sestertia
1216 3827 1311 3876 pro

240 3901 384 3951 mille
419 3892 634 3949 veniun't
671 3894 926 3945 sestertiis
961 3892 1064 3941 illis
1087 3890 1260 3954 parvis
1281 3904 1314 3939 a

243 3976 526 4029 masculino
562 3972 850 4032 sestertium,
893 3984 994 4034 quo
1033 3968 1144 4016 solo
1183 3966 1316 4015 Ora·

247 4061 387 4105 tores
409 4058 641 4101 utuntur.
703 4049 762 4099 Si
782 4060 910 4097 vero
945 4058 1144 4095 summa
1175 4050 1316 4093 esset

248 4130 512 4183 minimum
534 4125 712 4178 decies
727 4129 1068 4177 centenorum
1085 4118 1320 4180 millium,

1373 1008 1483 1051 tum
1506 1001 1764 1052 adverbiis
1788 999 1982 1063 decies,
2009 1001 2187 1064 vicies,
2223 999 2439 1063 centies,

1370 1081 1470 1128 ὅτε.
1494 1078 1790 1142 utebantur,
1810 1091 1927 1142 quoe
1951 1077 2198 1127 adverbia
2219 1083 2441 1126 centena

1368 1155 1533 1204 millia
1559 1154 1840 1218 faciebant,
1872 1153 2103 1219 quamvis
2136 1168 2200 1202 ea
2220 1167 2327 1204 non
2350 1167 2437 1201 ex·-

1368 1231 1733 1293 primerentur.
1789 1231 1907 1282 Jam
1922 1246 2004 1279 res
2026 1230 2152 1278 satis
2172 1231 2314 1278 clara
2332 1236 2411 1278 est
2428 1246 2443 1291 ;

1366 1306 1575 1355 interim
1612 1307 1778 1358 nodus
1810 1321 1940 1354 unus
1981 1310 2143 1354 restat
2166 1304 2442 1366 explanan-

1333 1381 1464 1435 ,ἀπε
1486 1399 1504 1443 5
1531 1383 1794 1432 sciendum
1820 1383 1975 1445 enim,
2000 1397 2065 1431 an
2088 1383 2185 1429 hoc
2212 1377 2443 1428 Sallustii

1366 1460 1485 1508 loco
1506 1467 1714 1509 centum
1738 1459 1983 1520 sestertii,
2015 1474 2079 1508 au
2105 1462 2322 1508 centum·
2340 1469 2445 1504 ses·

1369 1536 1580 1586 tertium
1591 1550 1679 1584 seu
1698 1535 2056 1584 sestertiorum
2068 1533 2443 1594 intelligantur.

1372 1615 1480 1664 Hic
1519 1628 1640 1663 vero
1676 1629 1803 1676 opus
1838 1619 1920 1661 est
1949 1613 2254 1675 conjectura
2288 1617 2343 1659 et
2364 1611 2449 1673 ju-

1371 1690 1527 1740 dicio.
1594 1688 1734 1739 Dico
1768 1689 1965 1753 itaque,
1999 1687 2185 1751 primo,
2228 1685 2294 1735 ab
2334 1684 2446 1734 aliis

1371 1767 1573 1830 prolixe
1614 1765 1887 1828 probatum
1927 1778 2039 1813 esse
2072 1764 2205 1812 lianc
2232 1759 2447 1824 figuram

1377 1843 1508 1892 H-S.
1532 1855 1626 1903 pro
1649 1840 1927 1895 minoribus
1950 1838 2220 1900 sestertiis,
2243 1837 2293 1886 in
2316 1851 2447 1886 mas.-

1376 1919 1550 1967 culino
1568 1931 1777 1980 genere,
1798 1916 2015 1979 positam
2038 1918 2447 1977 esse‚,quatenus

1375 1995 1547 2044 nullus
1590 2008 1847 2054 numerus,
1888 1993 1987 2040 nisi
2032 1991 2124 2055 qui
2166 2003 2447 2053 expressus

1375 2071 1833 2134 est„intelligitur;
1877 2067 2068 2118 deiude
2096 2068 2269 2116 venire
2293 2066 2450 2115 etiam

1377 2147 1593 2196 eandem
1638 2146 1855 2208 figuram
1901 2159 1995 2208 pro
2048 2143 2316 2196 sestertium
2365 2142 2451 2190 vel

1374 2221 1595 2270 sestertia
1627 2221 1927 2270 Poetarum.
1998 2219 2116 2268 Hoc
2158 2219 2346 2281 posito,
2375 2205 2451 2266 ni·

1375 2296 1448 2345 hil
1471 2295 1674 2344 facilius
1698 2303 1778 2344 est
1798 2309 1951 2359 quam
1986 2294 2183 2356 videre,
2215 2295 2451 2356 ineptum

1377 2370 1487 2421 fore
1527 2371 1569 2420 si
1608 2372 1849 2433 Senatus,
1886 2371 1939 2419 in
1978 2386 2037 2420 re
2074 2386 2189 2435 quae
2230 2371 2452 2421 salutem

1376 2447 1638 2511 publicam
1667 2446 1999 2509 respiciebat,
2031 2453 2242 2495 centum
2266 2452 2455 2495 sester-

1375 2525 1496 2587 tios,
1530 2523 1826 2572 vilissimam
1868 2522 2159 2585 pecuniam,
2199 2520 2455 2570 decrevis-

1379 2606 1477 2651 set.
1533 2602 1671 2661 Ergo
1688 2598 1977 2663 figurahoec
1996 2597 2127 2650 H-S.
2145 2598 2206 2647 C.
2225 2604 2453 2655 centum,

1379 2675 1551 2727 hocin
1574 2676 1710 2736 loco,
1744 2672 1874 2723 facit
1908 2671 2237 2733 Sestertium,
2270 2672 2373 2735 vel,
2410 2672 2454 2719 si

1361 2760 1494 2805 'cum
1535 2750 1717 2801 Poetis
1750 2750 1890 2815 loqui
1910 2762 2070 2810 ames,
2108 2749 2327 2797 Centum
2353 2760 2457 2795 ses-

1379 2830 1561 2891 tertia,
1595 2828 1648 2877 id
1673 2835 1773 2887 est,
1796 2833 2017 2876 centena
2041 2824 2204 2873 millia
2228 2838 2455 2873 nummo·

1381 2921 1512 2969 rum,
1547 2920 1641 2955 seu
1671 2904 2052 2953 sestertiorum:
2105 2916 2223 2966 quae
2247 2900 2313 2949 ad
2338 2914 2455 2949 nos-

1380 2990 1517 3033 tram
1541 2988 1819 3041 monetam,
1857 2979 1899 3027 si
1935 2992 2030 3043 per
2050 2992 2299 3025 summam
2322 2976 2457 3025 inte·

1382 3073 1527 3123 gram
1566 3062 1621 3107 et
1650 3056 1866 3105 solidam
1890 3051 2115 3112 referas3
2148 3052 2455 3116 quingentos

1382 3132 1613 3183 efficient
1634 3144 1815 3181 aureos
1838 3129 2109 3193 dupliones
2129 3143 2143 3187 3
2182 3125 2303 3190 cinq
2331 3131 2459 3175 cents

1377 3209 1589 3272 pistoles.

1447 3290 1473 3317 ⁸
1506 3280 1748 3342 Familiae]
1818 3279 1923 3330 Qui
1959 3277 2272 3341 gladiatores
2316 3274 2456 3337 apud

1383 3374 1542 3411 unum
1577 3356 1818 3407 lanistam
1852 3368 1967 3403 sese
1998 3350 2333 3412 exercebant,
2354 3349 2457 3399 dis-

1385 3436 1597 3498 cebant,
1633 3440 1725 3483 aut
1758 3430 2076 3491 serviebant,
2108 3427 2145 3476 ii
2164 3424 2360 3475 familia
2378 3424 2459 3474 di-

1387 3516 1661 3565 cebantur.

1447 3590 1473 3627 b
1508 3589 1710 3655 Opibus]
1763 3588 1917 3651 Saepe
1954 3585 2267 3650 gladiatores
2300 3596 2333 3632 a
2360 3581 2462 3646 pri-

1387 3668 1523 3719 vatis
1554 3666 1697 3727 eunti,
1736 3663 1804 3712 ad
1834 3662 2110 3712 tumultum
2146 3666 2202 3708 et
2230 3657 2456 3707 caedemt

1389 3745 1490 3809 ipsi
1522 3741 1799 3807 aliquando
1822 3739 1957 3790 bella
1978 3746 2034 3788 et
2055 3735 2259 3801 quidem
2284 3732 2462 3797 gravia

1391 3820 1783 3871 excitaverunt:
1842 3815 2072 3879 adeoque
2119 3810 2328 3860 minime
2360 3805 2465 3855 mi·

1393 3910 1507 3947 run
1541 3895 1581 3943 si
1620 3892 1848 3957 suspecti
1887 3896 2081 3950 essent3
2127 3900 2193 3935 ex
2217 3884 2348 3933 urbe
2372 3881 2462 3930 de-

1393 3973 1741 4029 ducerentur3
1798 3973 1955 4031 atque
2010 3978 2105 4027 pro
2148 3958 2347 4010 ratione
2388 3955 2464 4005 vi-

1393 4049 1545 4113 rium,
1570 4047 1622 4097 in
1644 4042 1923 4108 municipia
1939 4036 2393 4090 distribuerentur.
