2930 4758
1008 315 1450 377 susumus,
1498 315 1663 365 cst.
1704 298 1813 365 99.
2372 296 2505 367 253

288 466 516 527 tamen
539 458 808 524 barbari
833 458 998 523 nihil
1015 460 1379 541 remittere3
1423 465 1651 543 atque,
1681 460 1780 524 uti
1809 476 1995 542 roges
2024 466 2503 544 praeceperant,

291 568 558 629 noctem
588 580 712 644 pro
741 580 816 625 se
843 563 991 639 rati,
1031 563 1252 627 acrius
1278 562 1554 628 instare.
1640 560 1815 624 Tum
1863 560 2122 625 Marius
2170 582 2257 626 ex
2302 564 2507 647 copia

291 684 511 731 rerum
540 662 891 726 consilium
937 662 1157 741 trahit,
1191 668 1415 746 atque,
1443 664 1541 729 uti
1582 664 1723 728 suis
1768 664 2065 745 receptui
2088 664 2281 729 locus
2308 671 2505 744 esset,

291 765 504 831 colles
533 763 704 828 duos
733 765 1146 848 propinquos
1175 766 1345 829 inter
1383 784 1456 828 se
1486 769 1799 847 occupat.
1890 765 2192 844 Quorum
2240 768 2309 829 in
2350 786 2503 845 uno,

295 868 538 932 castris
551 873 578 914 ⁷
625 884 866 949 parum
895 866 1140 947 amplo,
1169 866 1317 929 fons
1347 885 1549 948 aquae
1578 885 1857 949 magnus
1888 873 2032 930 erat
2050 865 2103 930 :⁶
2146 868 2307 941 alter
2357 871 2507 935 usui

291 966 758 1051 opportunuS,⁸
811 968 974 1050 quia
1015 985 1259 1051 magna
1285 971 1491 1050 ‘parte
1538 966 1759 1031 editus
1810 971 1881 1031 et
1930 986 2239 1051 praeceps
2286 988 2511 1051 pauca

290 1070 741 1135 munimento⁹
815 1068 1222 1153 quaerebat}
1319 1066 1625 1133 Ceterum
1676 1056 1859 1152 apud
1931 1087 2183 1152 aquam
2251 1069 2508 1153 Syllam

295 1190 448 1234 cum
478 1170 818 1253 equitibus
868 1172 1190 1233 noctem¹⁰
1230 1169 1486 1251 agitare
1528 1168 1743 1252 jubet.
1834 1170 1997 1253 Ipse
2024 1170 2342 1252 paulatim
2370 1173 2509 1237 dis-

296 1290 536 1355 persos
563 1271 830 1349 militeS,
858 1290 1076 1353 neque
1101 1271 1322 1335 minus
1349 1269 1656 1335 hostibus
1714 1270 2143 1347 cambati&
2194 1272 2264 1334 in
2312 1292 2512 1339 unum

295 1372 661 1439 contrahit:
709 1373 861 1438 dein
909 1378 1186 1437 cunctos
1215 1373 1454 1455 plenoz
1498 1372 1711 1453 gradu
1730 1408 1736 1413 ·
1753 1372 1831 1442 in.
1850 1372 2094 1437 collem
2122 1372 2511 1439 subducitss

295 1471 411 1537 Ita
477 1493 689 1555 reges,
779 1474 913 1538 loci
989 1472 1382 1538 difficultate
1459 1474 1703 1551 coacti,
1772 1474 2009 1557 praelio
2091 1474 2511 1540 deterrentur.

287 1572 544 1657 -Neque
574 1580 794 1639 tamen
820 1593 982 1639 suos
1027 1573 1288 1656 longius
1326 1574 1514 1639 abire
1562 1574 1805 1652 sinunt,
1854 1575 1997 1653 sed,
2030 1580 2311 1660 utroque
2340 1577 2515 1641 colle

295 1675 764 1741 multitudine¹²
793 1675 1231 1753 circumdato,
1259 1674 1503 1739 effusi¹³
1535 1673 1913 1739 consedere.
2002 1676 2238 1740 Dein¹4
2262 1678 2514 1745 crebris

297 1776 567 1859 ignibus
616 1775 841 1853 sactis,
886 1775 1272 1859 plerumque
1315 1776 1533 1839 noctis
1576 1777 1845 1841 barbari
1888 1795 2015 1841 suo
2046 1796 2227 1843 more
2271 1778 2511 1856 laetari,

297 1876 615 1955 exultare,
647 1883 932 1961 strepere
960 1876 1278 1942 vocibus:
1295 1884 1343 1923 ¹⁵
1389 1878 1525 1960 ipsi
1554 1878 1760 1943 duces
1803 1876 2139 1956 feroces,¹⁶
2179 1882 2343 1963 quia
2381 1901 2517 1947 non

295 1980 612 2063 fugerent,
665 1997 790 2063 pro
836 1980 1259 2043 victoribus¹⁷
1293 1990 1535 2061 agere!
1622 1979 1756 2043 Sed
1806 1998 1889 2043 ea
1918 1986 2160 2045 cuncta
2190 1980 2515 2049 Romanis

299 2100 389 2145 ex
413 2081 702 2145 tenebris
747 2086 815 2145 et
857 2080 1252 2145 editioribus
1281 2081 1450 2145 locis
1478 2082 1709 2148 facilia
1742 2080 1949 2147 visu¹⁸
1978 2101 2345 2167 magnoque
2368 2085 2517 2149 hor-

297 2186 652 2249 tamento¹⁹
674 2191 701 2218 ⁸
743 2189 956 2249 erant.

386 2285 496 2351 99.
541 2284 914 2349 Plurimum
969 2304 1127 2349 vero
1179 2284 1440 2349 Marius
1471 2283 1809 2368 imperitia
1834 2284 2120 2352 hostium
2167 2286 2516 2351 confirma-

289 2393 430 2467 ωε,
491 2407 694 2472 quam
749 2387 1156 2452 maximumb
1221 2389 1554 2454 silentium
1619 2389 1847 2453 haberi
1894 2388 2123 2471 jubet:
2184 2408 2267 2452 ne
2326 2390 2519 2471 signa

299 2487 617 2570 quidem,¹
667 2489 765 2554 uti
815 2509 935 2573 per
973 2489 1237 2571 vigilias
1282 2490 1607 2568 solebant,
1639 2508 1909 2554 canere:
1958 2489 2211 2566 deinde,
2240 2489 2360 2553 ubi
2397 2490 2520 2555 lux

300 2588 728 2667 adventabat,
733 2596 758 2625 ²
804 2589 1086 2654 defessis
1153 2591 1300 2676 jam
1356 2591 1655 2656 hostibus
1706 2596 1773 2654 et
1813 2591 2022 2675 paulo
2075 2597 2225 2655 ante
2282 2609 2518 2654 somno

367 2720 390 2755 ὓ
423 2722 677 2778 Quorum
658 2737 711 2771 m
729 2737 822 2772 uuo
837 2738 1008 2786 parum
1029 2725 1182 2787 amplo
1201 2726 1266 2774 ad
1285 2731 1442 2774 castra
1459 2726 1693 2788 ponenda,
1714 2728 1819 2773 erat
1828 2724 1944 2784 fons
1964 2738 2163 2784 magnus
2182 2740 2332 2787 aquoe.

297 2787 530 2902 “nt-Et
509 2789 605 2851 apsi
623 2789 764 2837 duces
787 2788 1018 2850 gerebant
1037 2803 1136 2838 sese
1145 2788 1394 2853 ferociter,
1424 2795 1475 2839 et
1493 2789 1627 2854 quasi
1648 2789 1853 2876 victor-eg
1867 2788 2097 2850 fuissent,
2119 2789 2228 2852 qaia
2254 2804 2349 2838 non
2373 2787 2523 2854 suge-

1231 2949 1468 2970 OOOONOO
1470 2949 1588 2969 OOOO

299 3039 404 3088 dies
417 3038 496 3088 M.
498 3042 596 3087 -7
611 3039 784 3088 eastris
799 3039 968 3102 positis
980 3039 1056 3089 M.
1058 3043 1157 3088 ——8
1173 3054 1280 3103 opp.
1297 3044 1402 3088 erat
1417 3039 1471 3088 D
1478 3043 1593 3087 .—9
1610 3039 1919 3102 [munimento
1932 3038 2099 3100 egebat
2112 3038 2254 3088 Edit.
2271 3037 2479 3088 Havete
2482 3039 2523 3102 ]

301 3103 595 3152 munituna
627 3103 864 3165 querebat
885 3102 954 3153 A.
995 3106 1055 3153 E.
1090 3106 1381 3154 munimenta
1407 3103 1605 3165 gerebat
1631 3106 1692 3152 B.
1719 3105 1791 3153 D.
1830 3105 1891 3154 F.
1931 3103 2008 3150 M.
2047 3117 2200 3164 pauca
2231 3103 2521 3152 munimenta

297 3168 498 3229 gerebat
532 3167 602 3216 Κ.
625 3167 716 3216 sed
747 3168 977 3230 gerebant
1001 3170 1194 3218 L.-1⁰
1210 3183 1294 3230 per
1313 3173 1497 3216 noctem
1521 3168 1581 3215 F.
1604 3172 1743 3216 nocta
1758 3168 1826 3216 N.
1830 3171 1959 3214 -11
1980 3166 2163 3214 deaucet&
2190 3167 2247 3216 F.
2250 3170 2379 3215 —12
2398 3169 2521 3216 mal-

301 3232 449 3280 mad.
473 3231 792 3280 Numidarum
811 3232 880 3282 G.
883 3237 1012 3282 ——13
1036 3231 1180 3294 effusi
1199 3247 1357 3281 omnes
1377 3234 1434 3281 F.
1435 3235 1567 3280 -14
1588 3232 1785 3294 denique
1807 3231 1877 3280 N.
1879 3234 2009 3278 -15
2027 3229 2224 3292 pedibus
2256 3235 2301 3278 et
2334 3229 2521 3280 vocibus

303 3295 357 3345 G
361 3295 705 3355 .—16seroees
727 3302 862 3345 erant
894 3296 966 3346 D.
970 3301 1096 3345 -17
1119 3302 1326 3358 atquep.
1351 3312 1398 3345 υ.
1419 3311 1519 3344 sese
1538 3310 1585 3345 a.
1620 3296 1680 3345 F.
1703 3296 1754 3345 N
1761 3299 1906 3344 .—18
1926 3293 2051 3342 visui
2084 3298 2133 3342 et
2166 3294 2373 3344 maxim
2393 3295 2453 3346 F.
2452 3320 2521 3332 --

306 3363 371 3409 19
393 3365 664 3408 ornamento
687 3359 752 3408 A.
777 3365 825 3408 et
847 3361 1054 3410 maximo
1077 3361 1370 3409 hortamento
1395 3361 1462 3410 N.

372 3428 399 3474 1
424 3425 610 3488 quidem
626 3424 844 3487 permisit
867 3426 936 3475 N.
937 3429 1036 3472 —2
1059 3424 1334 3474 adveniebat
1351 3426 1412 3476 Ε.
1413 3428 1511 3472 —8
1548 3423 1649 3474 tub.
1670 3422 2015 3485 cornutamque
2038 3422 2100 3472 C.
2124 3422 2194 3472 G.
2218 3421 2363 3473 1.—4
2384 3423 2523 3486 signa

1305 3543 1521 3595 NOTAE

371 3647 396 3683 5
435 3639 713 3703 Quoerebaae]
779 3639 889 3690 Alii
935 3642 1131 3692 babent
1185 3643 1372 3704 egebat,
1443 3643 1631 3704 ςτωιᾱε
1659 3655 1764 3704 pas.
2135 3670 2163 3690 ς

305 3715 542 3766 nonnulli
567 3715 779 3777 gerebat.
851 3717 1031 3766 Malim
1056 3719 1231 3781 legere
1269 3733 1374 3780 ege-
1518 3724 1543 3750 ⁸
1568 3716 1905 3778 Hor-tamenta]
1955 3715 2090 3768 Quis
2114 3715 2287 3765 hostes
2306 3729 2425 3764 cum
2443 3727 2522 3762 se·

303 3792 388 3842 bat
397 3808 417 3849 ‚·
440 3806 538 3842 uec
559 3807 642 3841 me
663 3799 840 3842 movet
863 3793 999 3857 quod
1021 3794 1373 3843 accusativum
1455 3806 1604 3840 curos
1625 3799 1679 3840 et
1702 3792 1999 3840 exultantes
2023 3791 2277 3852 viderent,
2296 3787 2522 3838 confide-

305 3873 429 3932 post
465 3881 522 3916 se
558 3866 786 3928 babeam
819 3882 938 3916 nam
963 3867 1213 3930 ejusmodi
1243 3869 1375 3918 auti·
1459 3871 1584 3918 bant
1622 3869 1834 3932 insuper
1869 3883 1957 3918 eos
1981 3867 2207 3918 defessos
2234 3866 2291 3915 et
2324 3865 2521 3929 sopitos

307 3941 486 4008 quatis
501 3940 772 4004 phrasibus
793 3942 988 4007 gaudet
1012 3943 1295 3992 Sallustius.
1457 3944 1593 4008 fore,
1608 3961 1726 3995 cum
1745 3944 1980 4008 praelium
2001 3945 2389 3993 instauraretur.

374 4019 590 4082 ‘Plemq
657 4017 719 4068 Id
743 4027 842 4080 est,
868 4024 1053 4068 tantum
1073 4019 1150 4067 illi
1170 4033 1262 4068 m
1296 4035 1380 4069 au·
1524 4021 1547 4055 ¹³
1571 4023 1728 4078 Quam
1749 4019 2029 4082 maximum]
2082 4019 2132 4067 Il
2147 4017 2417 4066 commanda
2437 4031 2525 4080 que

296 4092 572 4156 mensu
609 4095 652 4144 si
692 4095 843 4144 modo
886 4097 1230 4145 Romanorum
1272 4095 1380 4160 glo·
1460 4097 1505 4146 1’
1506 4097 1643 4164 onfit
1680 4097 1725 4147 le
1749 4096 1901 4147 mins
1918 4096 1979 4145 de
2000 4088 2131 4144 bra-‘t
2147 4107 2238 4156 que
2258 4090 2302 4142 ζ’
2300 4106 2365 4142 os
2379 4105 2527 4156 pour·

309 4172 442 4222 riam
487 4172 756 4225 Sallustius
793 4172 1236 4224 assentatiuncula
1274 4186 1381 4223 nou
1461 4171 1576 4227 rote.

312 4254 398 4301 est
419 4255 724 4315 aucupatus.
789 4248 982 4299 Marinae
1001 4249 1145 4316 ιαμ
1157 4249 1331 4300 raim
1349 4251 1384 4298 a
