<?xml version="1.0" encoding="UTF-8"?>
<!DOCTYPE html PUBLIC "-//W3C//DTD XHTML 1.0 Transitional//EN"
    "http://www.w3.org/TR/xhtml1/DTD/xhtml1-transitional.dtd">
<html xmlns="http://www.w3.org/1999/xhtml" xml:lang="en" lang="en">
 <head>
  <title>
</title>
<meta http-equiv="Content-Type" content="text/html;charset=utf-8" />
  <meta name='ocr-system' content='tesseract 3.04.00' />
  <meta name='ocr-capabilities' content='ocr_page ocr_carea ocr_par ocr_line ocrx_word'/>
</head>
<body>
  <div class='ocr_page' id='page_1' title='image "./ccrispisallusti01clergoog_0047.png"; bbox 0 0 2930 4758; ppageno 0'>
   <div class='ocr_carea' id='block_1_1' title="bbox 868 278 2461 390">
    <p class='ocr_par' dir='ltr' id='par_1_1' title="bbox 868 278 2461 390">
     <span class='ocr_line' id='line_1_1' title="bbox 868 278 2461 390; baseline 0.003 -27"><span class='ocrx_word' id='word_1_1' title='bbox 868 315 1176 366; x_wconf 57' lang='lat' dir='ltr'><strong>sument</strong></span> <span class='ocrx_word' id='word_1_2' title='bbox 1223 278 1318 368; x_wconf 71' lang='lat' dir='ltr'><strong>in·</strong></span> <span class='ocrx_word' id='word_1_3' title='bbox 1359 311 1857 368; x_wconf 45' lang='lat' dir='ltr'><strong>rss&#39;rmomrt.</strong></span> <span class='ocrx_word' id='word_1_4' title='bbox 2366 303 2461 390; x_wconf 60' lang='grc' dir='ltr'>Β</span> 
     </span>
    </p>
   </div>
   <div class='ocr_carea' id='block_1_2' title="bbox 249 459 2459 662">
    <p class='ocr_par' dir='ltr' id='par_1_2' title="bbox 249 459 2459 662">
     <span class='ocr_line' id='line_1_2' title="bbox 249 459 2459 548; baseline 0.003 -24"><span class='ocrx_word' id='word_1_5' title='bbox 249 459 544 542; x_wconf 75' lang='lat' dir='ltr'><strong>scripsit,</strong></span> <span class='ocrx_word' id='word_1_6' title='bbox 591 466 658 526; x_wconf 90' lang='lat' dir='ltr'><strong>et</strong></span> <span class='ocrx_word' id='word_1_7' title='bbox 707 459 1109 544; x_wconf 79' lang='lat' dir='ltr'><strong>quibusdam</strong></span> <span class='ocrx_word' id='word_1_8' title='bbox 1165 460 1316 528; x_wconf 90' lang='lat' dir='ltr'><strong>aliis</strong></span> <span class='ocrx_word' id='word_1_9' title='bbox 1361 459 1441 524; x_wconf 89' lang='lat' dir='ltr'><strong>C.</strong></span> <span class='ocrx_word' id='word_1_10' title='bbox 1492 459 1809 530; x_wconf 75' lang='lat' dir='ltr'><strong>Sallustio</strong></span> <span class='ocrx_word' id='word_1_11' title='bbox 1860 462 2133 548; x_wconf 60' lang='lat' dir='ltr'><strong>iniquis»,</strong></span> <span class='ocrx_word' id='word_1_12' title='bbox 2186 465 2459 548; x_wconf 85' lang='lat' dir='ltr'><strong>dignum</strong></span> 
     </span>
     <span class='ocr_line' id='line_1_3' title="bbox 250 560 1189 662; baseline 0.004 -38"><span class='ocrx_word' id='word_1_13' title='bbox 250 565 409 624; x_wconf 86' lang='lat' dir='ltr'><strong>nota</strong></span> <span class='ocrx_word' id='word_1_14' title='bbox 437 560 657 624; x_wconf 78' lang='lat' dir='ltr'><strong>visum</strong></span> <span class='ocrx_word' id='word_1_15' title='bbox 684 566 806 640; x_wconf 87' lang='lat' dir='ltr'><strong>est,</strong></span> <span class='ocrx_word' id='word_1_16' title='bbox 837 560 1040 662; x_wconf 77' lang='lat' dir='ltr'><strong>quod,</strong></span> <span class='ocrx_word' id='word_1_17' title='bbox 1068 567 1189 628; x_wconf 84' lang='lat' dir='ltr'><strong>&amp;c.</strong></span> 
     </span>
    </p>
   </div>
   <div class='ocr_carea' id='block_1_3' title="bbox 1127 774 1585 841">
    <p class='ocr_par' dir='ltr' id='par_1_3' title="bbox 1127 774 1585 841">
     <span class='ocr_line' id='line_1_4' title="bbox 1127 774 1585 841; baseline 0.007 -3"><span class='ocrx_word' id='word_1_18' title='bbox 1127 774 1217 838; x_wconf 90' lang='lat' dir='ltr'><strong>Et</strong></span> <span class='ocrx_word' id='word_1_19' title='bbox 1249 791 1444 840; x_wconf 82' lang='lat' dir='ltr'><strong>xvn.</strong></span> <span class='ocrx_word' id='word_1_20' title='bbox 1474 776 1585 841; x_wconf 70' lang='lat'><strong>18.</strong></span> 
     </span>
    </p>
   </div>
   <div class='ocr_carea' id='block_1_4' title="bbox 239 905 2459 1507">
    <p class='ocr_par' dir='ltr' id='par_1_4' title="bbox 239 905 2459 1507">
     <span class='ocr_line' id='line_1_5' title="bbox 339 905 2455 998; baseline 0.006 -28"><span class='ocrx_word' id='word_1_21' title='bbox 339 906 441 973; x_wconf 91' lang='grc' dir='ltr'><strong>Μ.</strong></span> <span class='ocrx_word' id='word_1_22' title='bbox 473 907 690 972; x_wconf 84' lang='lat' dir='ltr'><strong>Varro</strong></span> <span class='ocrx_word' id='word_1_23' title='bbox 716 908 788 971; x_wconf 92' lang='lat' dir='ltr'><strong>in</strong></span> <span class='ocrx_word' id='word_1_24' title='bbox 815 909 1024 973; x_wconf 90' lang='lat' dir='ltr'><strong>literis</strong></span> <span class='ocrx_word' id='word_1_25' title='bbox 1053 915 1250 994; x_wconf 82' lang='lat' dir='ltr'><strong>atque</strong></span> <span class='ocrx_word' id='word_1_26' title='bbox 1277 912 1420 977; x_wconf 72' lang='lat' dir='ltr'><strong>vita</strong></span> <span class='ocrx_word' id='word_1_27' title='bbox 1441 911 1579 976; x_wconf 77' lang='lat' dir='ltr'><strong>fide</strong></span> <span class='ocrx_word' id='word_1_28' title='bbox 1607 905 1803 975; x_wconf 89' lang='lat' dir='ltr'><strong>homo</strong></span> <span class='ocrx_word' id='word_1_29' title='bbox 1848 914 2055 978; x_wconf 87' lang='lat' dir='ltr'><strong>multa</strong></span> <span class='ocrx_word' id='word_1_30' title='bbox 2099 919 2166 979; x_wconf 91' lang='lat' dir='ltr'><strong>et</strong></span> <span class='ocrx_word' id='word_1_31' title='bbox 2206 916 2455 998; x_wconf 70' lang='lat' dir='ltr'><strong>graviS,</strong></span> 
     </span>
     <span class='ocr_line' id='line_1_6' title="bbox 245 1009 2455 1096; baseline 0.006 -24"><span class='ocrx_word' id='word_1_32' title='bbox 245 1009 315 1072; x_wconf 91' lang='lat' dir='ltr'><strong>in</strong></span> <span class='ocrx_word' id='word_1_33' title='bbox 345 1010 514 1076; x_wconf 83' lang='lat' dir='ltr'><strong>libro</strong></span> <span class='ocrx_word' id='word_1_34' title='bbox 545 1030 739 1094; x_wconf 90' lang='lat' dir='ltr'><strong>quem</strong></span> <span class='ocrx_word' id='word_1_35' title='bbox 768 1011 1125 1094; x_wconf 81' lang='lat' dir='ltr'><strong>inscripsit,</strong></span> <span class='ocrx_word' id='word_1_36' title='bbox 1158 1012 1347 1091; x_wconf 89' lang='lat' dir='ltr'><strong>Pius,</strong></span> <span class='ocrx_word' id='word_1_37' title='bbox 1378 1021 1517 1090; x_wconf 83' lang='lat' dir='ltr'><strong>aut,</strong></span> <span class='ocrx_word' id='word_1_38' title='bbox 1547 1014 1654 1078; x_wconf 91' lang='lat' dir='ltr'><strong>De</strong></span> <span class='ocrx_word' id='word_1_39' title='bbox 1686 1013 1893 1094; x_wconf 83' lang='lat' dir='ltr'><strong>Pace,</strong></span> <span class='ocrx_word' id='word_1_40' title='bbox 1925 1013 2004 1080; x_wconf 82' lang='lat' dir='ltr'><strong>G.</strong></span> <span class='ocrx_word' id='word_1_41' title='bbox 2039 1016 2455 1096; x_wconf 76' lang='lat' dir='ltr'><strong>Sallustium,</strong></span> 
     </span>
     <span class='ocr_line' id='line_1_7' title="bbox 243 1111 2459 1202; baseline 0.006 -28"><span class='ocrx_word' id='word_1_42' title='bbox 243 1111 636 1199; x_wconf 86' lang='lat' dir='ltr'><strong>scriptorem</strong></span> <span class='ocrx_word' id='word_1_43' title='bbox 659 1115 847 1177; x_wconf 87' lang='lat' dir='ltr'><strong>seriae</strong></span> <span class='ocrx_word' id='word_1_44' title='bbox 878 1114 1060 1178; x_wconf 89' lang='lat' dir='ltr'><strong>illius</strong></span> <span class='ocrx_word' id='word_1_45' title='bbox 1090 1120 1157 1178; x_wconf 90' lang='lat' dir='ltr'><strong>et</strong></span> <span class='ocrx_word' id='word_1_46' title='bbox 1175 1136 1430 1181; x_wconf 72' lang='lat' dir='ltr'><strong>,severae</strong></span> <span class='ocrx_word' id='word_1_47' title='bbox 1460 1116 1804 1193; x_wconf 83' lang='lat' dir='ltr'><strong>orationiS,</strong></span> <span class='ocrx_word' id='word_1_48' title='bbox 1826 1119 1895 1179; x_wconf 92' lang='lat' dir='ltr'><strong>in</strong></span> <span class='ocrx_word' id='word_1_49' title='bbox 1925 1118 2118 1202; x_wconf 88' lang='lat' dir='ltr'><strong>cujus</strong></span> <span class='ocrx_word' id='word_1_50' title='bbox 2146 1119 2459 1188; x_wconf 78' lang='lat' dir='ltr'><strong>Historia</strong></span> 
     </span>
     <span class='ocr_line' id='line_1_8' title="bbox 244 1213 2457 1300; baseline 0.006 -26"><span class='ocrx_word' id='word_1_51' title='bbox 244 1213 549 1278; x_wconf 84' lang='lat' dir='ltr'><strong>notiones</strong></span> <span class='ocrx_word' id='word_1_52' title='bbox 579 1217 918 1280; x_wconf 86' lang='lat' dir='ltr'><strong>censorias</strong></span> <span class='ocrx_word' id='word_1_53' title='bbox 943 1215 1084 1283; x_wconf 81' lang='lat' dir='ltr'><strong>fieri</strong></span> <span class='ocrx_word' id='word_1_54' title='bbox 1115 1221 1316 1300; x_wconf 86' lang='lat' dir='ltr'><strong>atque</strong></span> <span class='ocrx_word' id='word_1_55' title='bbox 1366 1218 1664 1281; x_wconf 83' lang='lat' dir='ltr'><strong>exerceri</strong></span> <span class='ocrx_word' id='word_1_56' title='bbox 1694 1217 2012 1296; x_wconf 77' lang='lat' dir='ltr'><strong>videmus,</strong></span> <span class='ocrx_word' id='word_1_57' title='bbox 2041 1220 2109 1282; x_wconf 89' lang='lat' dir='ltr'><strong>in</strong></span> <span class='ocrx_word' id='word_1_58' title='bbox 2135 1218 2457 1292; x_wconf 65' lang='lat' dir='ltr'><strong>,adulterio</strong></span> 
     </span>
     <span class='ocr_line' id='line_1_9' title="bbox 245 1313 2458 1404; baseline 0.006 -29"><span class='ocrx_word' id='word_1_59' title='bbox 245 1313 715 1398; x_wconf 86' lang='lat' dir='ltr'><strong>deprehensum</strong></span> <span class='ocrx_word' id='word_1_60' title='bbox 745 1319 830 1380; x_wconf 87' lang='lat' dir='ltr'><strong>ab</strong></span> <span class='ocrx_word' id='word_1_61' title='bbox 855 1315 1077 1381; x_wconf 86' lang='lat' dir='ltr'><strong>Annio</strong></span> <span class='ocrx_word' id='word_1_62' title='bbox 1125 1317 1402 1397; x_wconf 86' lang='lat' dir='ltr'><strong>Milone,</strong></span> <span class='ocrx_word' id='word_1_63' title='bbox 1448 1319 1615 1384; x_wconf 88' lang='lat' dir='ltr'><strong>loris</strong></span> <span class='ocrx_word' id='word_1_64' title='bbox 1659 1321 1830 1383; x_wconf 91' lang='lat' dir='ltr'><strong>bene</strong></span> <span class='ocrx_word' id='word_1_65' title='bbox 1870 1339 2121 1385; x_wconf 85' lang='lat' dir='ltr'><strong>caesum</strong></span> <span class='ocrx_word' id='word_1_66' title='bbox 2170 1321 2357 1404; x_wconf 87' lang='lat' dir='ltr'><strong>dicit,</strong></span> <span class='ocrx_word' id='word_1_67' title='bbox 2388 1327 2458 1389; x_wconf 83' lang='lat' dir='ltr'><strong>et</strong></span> 
     </span>
     <span class='ocr_line' id='line_1_10' title="bbox 239 1416 1515 1507; baseline 0.006 -29"><span class='ocrx_word' id='word_1_68' title='bbox 239 1425 401 1502; x_wconf 69' lang='lat' dir='ltr'><strong>“cum</strong></span> <span class='ocrx_word' id='word_1_69' title='bbox 429 1416 718 1482; x_wconf 85' lang='lat' dir='ltr'><strong>dedisset</strong></span> <span class='ocrx_word' id='word_1_70' title='bbox 745 1420 1132 1507; x_wconf 67' lang='lat' dir='ltr'><strong>pecuniam,</strong></span> <span class='ocrx_word' id='word_1_71' title='bbox 1146 1419 1515 1486; x_wconf 84' lang='lat' dir='ltr'><strong>dimissum.</strong></span> 
     </span>
    </p>
   </div>
   <div class='ocr_carea' id='block_1_5' title="bbox 458 1607 2248 1709">
    <p class='ocr_par' dir='ltr' id='par_1_5' title="bbox 458 1607 2248 1709">
     <span class='ocr_line' id='line_1_11' title="bbox 458 1607 2248 1709; baseline 0.001 -25"><span class='ocrx_word' id='word_1_72' title='bbox 458 1618 811 1685; x_wconf 77' lang='lat' dir='ltr'><strong>Suetonius</strong></span> <span class='ocrx_word' id='word_1_73' title='bbox 841 1621 949 1686; x_wconf 80' lang='lat' dir='ltr'><strong>De</strong></span> <span class='ocrx_word' id='word_1_74' title='bbox 979 1623 1179 1688; x_wconf 77' lang='lat' dir='ltr'><strong>claris</strong></span> <span class='ocrx_word' id='word_1_75' title='bbox 1211 1621 1715 1692; x_wconf 77' lang='lat' dir='ltr'><strong>Grammaticis:</strong></span> <span class='ocrx_word' id='word_1_76' title='bbox 1762 1607 1845 1687; x_wconf 78' lang='lat' dir='ltr'><strong>de</strong></span> <span class='ocrx_word' id='word_1_77' title='bbox 1875 1623 2248 1709; x_wconf 84' lang='lat' dir='ltr'><strong>Philologo.</strong></span> 
     </span>
    </p>
   </div>
   <div class='ocr_carea' id='block_1_6' title="bbox 235 1751 2453 1958">
    <p class='ocr_par' dir='ltr' id='par_1_6' title="bbox 235 1751 2453 1958">
     <span class='ocr_line' id='line_1_12' title="bbox 331 1751 2453 1854; baseline 0.001 -30"><span class='ocrx_word' id='word_1_78' title='bbox 331 1751 606 1824; x_wconf 80' lang='lat' dir='ltr'><strong>Asinius</strong></span> <span class='ocrx_word' id='word_1_79' title='bbox 654 1755 881 1826; x_wconf 92' lang='lat' dir='ltr'><strong>Pollio</strong></span> <span class='ocrx_word' id='word_1_80' title='bbox 929 1758 1170 1823; x_wconf 89' lang='lat' dir='ltr'><strong>librum</strong></span> <span class='ocrx_word' id='word_1_81' title='bbox 1218 1759 1521 1841; x_wconf 86' lang='lat' dir='ltr'><strong>scripsit,</strong></span> <span class='ocrx_word' id='word_1_82' title='bbox 1568 1759 1639 1824; x_wconf 90' lang='lat' dir='ltr'><strong>in</strong></span> <span class='ocrx_word' id='word_1_83' title='bbox 1669 1778 1805 1841; x_wconf 88' lang='lat' dir='ltr'><strong>quo</strong></span> <span class='ocrx_word' id='word_1_84' title='bbox 1854 1758 2161 1830; x_wconf 78' lang='lat' dir='ltr'><strong>Sallustii</strong></span> <span class='ocrx_word' id='word_1_85' title='bbox 2198 1762 2453 1854; x_wconf 73' lang='lat' dir='ltr'><strong>scripta</strong></span> 
     </span>
     <span class='ocr_line' id='line_1_13' title="bbox 235 1855 2085 1958; baseline 0.004 -39"><span class='ocrx_word' id='word_1_86' title='bbox 235 1855 676 1942; x_wconf 79' lang='lat' dir='ltr'><strong>reprehendit,</strong></span> <span class='ocrx_word' id='word_1_87' title='bbox 699 1864 774 1924; x_wconf 90' lang='lat' dir='ltr'><strong>ut</strong></span> <span class='ocrx_word' id='word_1_88' title='bbox 799 1859 1003 1928; x_wconf 85' lang='lat' dir='ltr'><strong>nimia</strong></span> <span class='ocrx_word' id='word_1_89' title='bbox 1032 1859 1383 1928; x_wconf 89' lang='lat' dir='ltr'><strong>verborum</strong></span> <span class='ocrx_word' id='word_1_90' title='bbox 1408 1859 1823 1950; x_wconf 71' lang='lat' dir='ltr'><strong>affectatioqe</strong></span> <span class='ocrx_word' id='word_1_91' title='bbox 1850 1859 2085 1958; x_wconf 83' lang='lat' dir='ltr'><strong>oblita.</strong></span> 
     </span>
    </p>
   </div>
   <div class='ocr_carea' id='block_1_7' title="bbox 1151 2043 1535 2112">
    <p class='ocr_par' dir='ltr' id='par_1_7' title="bbox 1151 2043 1535 2112">
     <span class='ocr_line' id='line_1_14' title="bbox 1151 2043 1535 2112; baseline 0.01 -4"><span class='ocrx_word' id='word_1_92' title='bbox 1151 2043 1237 2110; x_wconf 87' lang='lat' dir='ltr'><strong>Et</strong></span> <span class='ocrx_word' id='word_1_93' title='bbox 1251 2045 1535 2112; x_wconf 85' lang='lat' dir='ltr'><strong>ibidem.</strong></span> 
     </span>
    </p>
   </div>
   <div class='ocr_carea' id='block_1_8' title="bbox 240 2149 2465 3053">
    <p class='ocr_par' dir='ltr' id='par_1_8' title="bbox 240 2149 2465 3053">
     <span class='ocr_line' id='line_1_15' title="bbox 297 2149 2465 2246; baseline 0.006 -25"><span class='ocrx_word' id='word_1_94' title='bbox 297 2213 300 2218; x_wconf 94' lang='lat'>.</span> <span class='ocrx_word' id='word_1_95' title='bbox 333 2161 723 2244; x_wconf 85' lang='lat' dir='ltr'><strong>Philologus</strong></span> <span class='ocrx_word' id='word_1_96' title='bbox 753 2163 960 2227; x_wconf 88' lang='lat' dir='ltr'><strong>coluit</strong></span> <span class='ocrx_word' id='word_1_97' title='bbox 1000 2162 1516 2229; x_wconf 81' lang='lat' dir='ltr'><strong>familiarissime</strong></span> <span class='ocrx_word' id='word_1_98' title='bbox 1568 2163 1649 2229; x_wconf 86' lang='lat' dir='ltr'><strong>C.</strong></span> <span class='ocrx_word' id='word_1_99' title='bbox 1682 2165 2101 2246; x_wconf 85' lang='lat' dir='ltr'><strong>Sallustium,</strong></span> <span class='ocrx_word' id='word_1_100' title='bbox 2133 2171 2199 2232; x_wconf 88' lang='lat' dir='ltr'><strong>et</strong></span> <span class='ocrx_word' id='word_1_101' title='bbox 2227 2187 2309 2233; x_wconf 89' lang='lat' dir='ltr'><strong>eo</strong></span> <span class='ocrx_word' id='word_1_102' title='bbox 2341 2149 2465 2237; x_wconf 57' lang='lat' dir='ltr'><strong>dem</strong></span> 
     </span>
     <span class='ocr_line' id='line_1_16' title="bbox 240 2261 2453 2354; baseline 0.005 -30"><span class='ocrx_word' id='word_1_103' title='bbox 240 2262 488 2341; x_wconf 89' lang='lat' dir='ltr'><strong>functo,</strong></span> <span class='ocrx_word' id='word_1_104' title='bbox 538 2261 844 2327; x_wconf 87' lang='lat' dir='ltr'><strong>Asinium</strong></span> <span class='ocrx_word' id='word_1_105' title='bbox 907 2263 1298 2341; x_wconf 85' lang='lat' dir='ltr'><strong>Pollionem,</strong></span> <span class='ocrx_word' id='word_1_106' title='bbox 1357 2283 1529 2347; x_wconf 90' lang='lat' dir='ltr'><strong>quos</strong></span> <span class='ocrx_word' id='word_1_107' title='bbox 1603 2265 1979 2330; x_wconf 83' lang='lat' dir='ltr'><strong>Historiam</strong></span> <span class='ocrx_word' id='word_1_108' title='bbox 2054 2286 2453 2354; x_wconf 86' lang='lat' dir='ltr'><strong>componere</strong></span> 
     </span>
     <span class='ocr_line' id='line_1_17' title="bbox 243 2365 2453 2461; baseline 0.004 -33"><span class='ocrx_word' id='word_1_109' title='bbox 243 2382 608 2448; x_wconf 80' lang='lat' dir='ltr'><strong>aggressoS,</strong></span> <span class='ocrx_word' id='word_1_110' title='bbox 640 2365 913 2431; x_wconf 85' lang='lat' dir='ltr'><strong>alterum</strong></span> <span class='ocrx_word' id='word_1_111' title='bbox 940 2365 1268 2433; x_wconf 87' lang='lat' dir='ltr'><strong>breviario</strong></span> <span class='ocrx_word' id='word_1_112' title='bbox 1316 2386 1529 2430; x_wconf 90' lang='lat' dir='ltr'><strong>rerum</strong></span> <span class='ocrx_word' id='word_1_113' title='bbox 1581 2366 2059 2448; x_wconf 84' lang='lat' dir='ltr'><strong>Romanarum,</strong></span> <span class='ocrx_word' id='word_1_114' title='bbox 2090 2390 2179 2433; x_wconf 86' lang='lat' dir='ltr'><strong>ex</strong></span> <span class='ocrx_word' id='word_1_115' title='bbox 2207 2370 2453 2461; x_wconf 79' lang='lat' dir='ltr'><strong>quibus</strong></span> 
     </span>
     <span class='ocr_line' id='line_1_18' title="bbox 244 2468 2454 2553; baseline 0.004 -24"><span class='ocrx_word' id='word_1_116' title='bbox 244 2483 412 2547; x_wconf 85' lang='lat' dir='ltr'><strong>quas</strong></span> <span class='ocrx_word' id='word_1_117' title='bbox 451 2468 650 2532; x_wconf 76' lang='lat' dir='ltr'><strong>vellet</strong></span> <span class='ocrx_word' id='word_1_118' title='bbox 676 2469 964 2551; x_wconf 86' lang='lat' dir='ltr'><strong>eligeret,</strong></span> <span class='ocrx_word' id='word_1_119' title='bbox 995 2470 1342 2547; x_wconf 83' lang='lat' dir='ltr'><strong>instruxit3</strong></span> <span class='ocrx_word' id='word_1_120' title='bbox 1391 2468 1671 2533; x_wconf 87' lang='lat' dir='ltr'><strong>alterum</strong></span> <span class='ocrx_word' id='word_1_121' title='bbox 1699 2471 2065 2553; x_wconf 84' lang='lat' dir='ltr'><strong>praeceptis</strong></span> <span class='ocrx_word' id='word_1_122' title='bbox 2084 2472 2177 2536; x_wconf 81' lang='lat' dir='ltr'><strong>de</strong></span> <span class='ocrx_word' id='word_1_123' title='bbox 2203 2472 2454 2537; x_wconf 78' lang='lat' dir='ltr'><strong>tatione</strong></span> 
     </span>
     <span class='ocr_line' id='line_1_19' title="bbox 245 2567 2453 2655; baseline 0.002 -25"><span class='ocrx_word' id='word_1_124' title='bbox 245 2567 546 2647; x_wconf 82' lang='lat' dir='ltr'><strong>dicendi3</strong></span> <span class='ocrx_word' id='word_1_125' title='bbox 614 2588 751 2651; x_wconf 92' lang='lat' dir='ltr'><strong>quo</strong></span> <span class='ocrx_word' id='word_1_126' title='bbox 767 2650 770 2655; x_wconf 26' lang='grc'><strong>,</strong></span> <span class='ocrx_word' id='word_1_127' title='bbox 789 2572 1002 2654; x_wconf 85' lang='lat' dir='ltr'><strong>magis</strong></span> <span class='ocrx_word' id='word_1_128' title='bbox 1048 2572 1246 2637; x_wconf 89' lang='lat' dir='ltr'><strong>miror</strong></span> <span class='ocrx_word' id='word_1_129' title='bbox 1285 2568 1602 2633; x_wconf 86' lang='lat' dir='ltr'><strong>Asinium</strong></span> <span class='ocrx_word' id='word_1_130' title='bbox 1642 2568 2013 2637; x_wconf 84' lang='lat' dir='ltr'><strong>Pollionem</strong></span> <span class='ocrx_word' id='word_1_131' title='bbox 2065 2570 2453 2653; x_wconf 85' lang='lat' dir='ltr'><strong>credidisse,</strong></span> 
     </span>
     <span class='ocr_line' id='line_1_20' title="bbox 243 2669 2449 2755; baseline 0.004 -24"><span class='ocrx_word' id='word_1_132' title='bbox 243 2669 514 2751; x_wconf 87' lang='lat' dir='ltr'><strong>antiqua</strong></span> <span class='ocrx_word' id='word_1_133' title='bbox 541 2689 690 2732; x_wconf 87' lang='lat' dir='ltr'><strong>eum</strong></span> <span class='ocrx_word' id='word_1_134' title='bbox 720 2671 925 2735; x_wconf 85' lang='lat' dir='ltr'><strong>verba</strong></span> <span class='ocrx_word' id='word_1_135' title='bbox 951 2675 1018 2734; x_wconf 93' lang='lat' dir='ltr'><strong>et</strong></span> <span class='ocrx_word' id='word_1_136' title='bbox 1037 2670 1281 2753; x_wconf 85' lang='lat' dir='ltr'><strong>figuras</strong></span> <span class='ocrx_word' id='word_1_137' title='bbox 1305 2670 1571 2735; x_wconf 88' lang='lat' dir='ltr'><strong>solitum</strong></span> <span class='ocrx_word' id='word_1_138' title='bbox 1599 2690 1745 2735; x_wconf 89' lang='lat' dir='ltr'><strong>esse</strong></span> <span class='ocrx_word' id='word_1_139' title='bbox 1776 2671 2083 2753; x_wconf 68' lang='lat' dir='ltr'><strong>colligere</strong></span> <span class='ocrx_word' id='word_1_140' title='bbox 2112 2671 2449 2755; x_wconf 80' lang='lat' dir='ltr'><strong>SallustiO,</strong></span> 
     </span>
     <span class='ocr_line' id='line_1_21' title="bbox 245 2768 2452 2859; baseline 0.005 -28"><span class='ocrx_word' id='word_1_141' title='bbox 245 2784 400 2832; x_wconf 89' lang='lat' dir='ltr'><strong>cum</strong></span> <span class='ocrx_word' id='word_1_142' title='bbox 431 2770 603 2833; x_wconf 89' lang='lat' dir='ltr'><strong>sciat</strong></span> <span class='ocrx_word' id='word_1_143' title='bbox 627 2782 777 2834; x_wconf 84' lang='lat' dir='ltr'><strong>eum</strong></span> <span class='ocrx_word' id='word_1_144' title='bbox 805 2770 934 2834; x_wconf 90' lang='lat' dir='ltr'><strong>sibi</strong></span> <span class='ocrx_word' id='word_1_145' title='bbox 975 2770 1137 2837; x_wconf 90' lang='lat' dir='ltr'><strong>nihil</strong></span> <span class='ocrx_word' id='word_1_146' title='bbox 1167 2770 1351 2835; x_wconf 86' lang='lat' dir='ltr'><strong>aliud</strong></span> <span class='ocrx_word' id='word_1_147' title='bbox 1377 2771 1677 2851; x_wconf 89' lang='lat' dir='ltr'><strong>suadere,</strong></span> <span class='ocrx_word' id='word_1_148' title='bbox 1710 2792 1911 2859; x_wconf 77' lang='lat' dir='ltr'><strong>quam</strong></span> <span class='ocrx_word' id='word_1_149' title='bbox 1940 2778 2015 2837; x_wconf 92' lang='lat' dir='ltr'><strong>ut</strong></span> <span class='ocrx_word' id='word_1_150' title='bbox 2050 2779 2211 2840; x_wconf 92' lang='lat' dir='ltr'><strong>noto</strong></span> <span class='ocrx_word' id='word_1_151' title='bbox 2238 2768 2452 2841; x_wconf 84' lang='lat' dir='ltr'><strong>civili-</strong></span> 
     </span>
     <span class='ocr_line' id='line_1_22' title="bbox 244 2873 2448 2956; baseline 0.004 -23"><span class='ocrx_word' id='word_1_152' title='bbox 244 2888 374 2953; x_wconf 91' lang='lat' dir='ltr'><strong>que</strong></span> <span class='ocrx_word' id='word_1_153' title='bbox 402 2876 466 2933; x_wconf 93' lang='lat' dir='ltr'><strong>et</strong></span> <span class='ocrx_word' id='word_1_154' title='bbox 488 2873 758 2954; x_wconf 89' lang='lat' dir='ltr'><strong>proprio</strong></span> <span class='ocrx_word' id='word_1_155' title='bbox 788 2892 1082 2936; x_wconf 89' lang='lat' dir='ltr'><strong>sermone</strong></span> <span class='ocrx_word' id='word_1_156' title='bbox 1125 2877 1371 2949; x_wconf 87' lang='lat' dir='ltr'><strong>utatur,</strong></span> <span class='ocrx_word' id='word_1_157' title='bbox 1417 2873 1715 2956; x_wconf 86' lang='lat' dir='ltr'><strong>vitetque</strong></span> <span class='ocrx_word' id='word_1_158' title='bbox 1757 2875 2051 2939; x_wconf 82' lang='lat' dir='ltr'><strong>maxime</strong></span> <span class='ocrx_word' id='word_1_159' title='bbox 2081 2877 2448 2947; x_wconf 82' lang='lat' dir='ltr'><strong>obscurita-</strong></span> 
     </span>
     <span class='ocr_line' id='line_1_23' title="bbox 244 2972 1886 3053; baseline 0.001 -18"><span class='ocrx_word' id='word_1_160' title='bbox 244 2977 374 3035; x_wconf 85' lang='lat' dir='ltr'><strong>tem</strong></span> <span class='ocrx_word' id='word_1_161' title='bbox 401 2972 725 3053; x_wconf 85' lang='lat' dir='ltr'><strong>Sallustii,</strong></span> <span class='ocrx_word' id='word_1_162' title='bbox 757 2978 820 3037; x_wconf 89' lang='lat' dir='ltr'><strong>et</strong></span> <span class='ocrx_word' id='word_1_163' title='bbox 847 2973 1200 3039; x_wconf 81' lang='lat' dir='ltr'><strong>audaciam</strong></span> <span class='ocrx_word' id='word_1_164' title='bbox 1228 2974 1298 3043; x_wconf 87' lang='lat' dir='ltr'><strong>iu</strong></span> <span class='ocrx_word' id='word_1_165' title='bbox 1328 2974 1886 3041; x_wconf 69' lang='lat' dir='ltr'><strong>translationibus.</strong></span> 
     </span>
    </p>
   </div>
   <div class='ocr_carea' id='block_1_9' title="bbox 1099 3158 1593 3224">
    <p class='ocr_par' dir='ltr' id='par_1_9' title="bbox 1099 3158 1593 3224">
     <span class='ocr_line' id='line_1_24' title="bbox 1099 3158 1593 3224; baseline 0.002 -1"><span class='ocrx_word' id='word_1_166' title='bbox 1099 3158 1187 3224; x_wconf 86' lang='lat' dir='ltr'><strong>Et</strong></span> <span class='ocrx_word' id='word_1_167' title='bbox 1211 3159 1294 3222; x_wconf 83' lang='lat' dir='ltr'><strong>de</strong></span> <span class='ocrx_word' id='word_1_168' title='bbox 1323 3160 1593 3224; x_wconf 78' lang='lat' dir='ltr'><strong>Lenaeo.</strong></span> 
     </span>
    </p>
   </div>
   <div class='ocr_carea' id='block_1_10' title="bbox 241 3297 2508 3895">
    <p class='ocr_par' dir='ltr' id='par_1_10' title="bbox 241 3297 2508 3895">
     <span class='ocr_line' id='line_1_25' title="bbox 309 3297 2508 3395; baseline 0.004 -30"><span class='ocrx_word' id='word_1_169' title='bbox 309 3297 612 3367; x_wconf 75' lang='lat' dir='ltr'><strong>&#39;Lenaeus</strong></span> <span class='ocrx_word' id='word_1_170' title='bbox 657 3307 842 3367; x_wconf 90' lang='lat' dir='ltr'><strong>tanto</strong></span> <span class='ocrx_word' id='word_1_171' title='bbox 889 3320 1112 3367; x_wconf 90' lang='lat' dir='ltr'><strong>amore</strong></span> <span class='ocrx_word' id='word_1_172' title='bbox 1160 3321 1320 3384; x_wconf 82' lang='lat' dir='ltr'><strong>erga</strong></span> <span class='ocrx_word' id='word_1_173' title='bbox 1364 3303 1631 3385; x_wconf 88' lang='lat' dir='ltr'><strong>patroni</strong></span> <span class='ocrx_word' id='word_1_174' title='bbox 1661 3299 2032 3387; x_wconf 87' lang='lat' dir='ltr'><strong>(Pompeii)</strong></span> <span class='ocrx_word' id='word_1_175' title='bbox 2058 3304 2449 3395; x_wconf 79' lang='lat' dir='ltr'><strong>memoriam</strong></span> <span class='ocrx_word' id='word_1_176' title='bbox 2504 3388 2508 3393; x_wconf 12' lang='grc' dir='ltr'><em>Α</em></span> 
     </span>
     <span class='ocr_line' id='line_1_26' title="bbox 244 3400 2446 3490; baseline 0.002 -23"><span class='ocrx_word' id='word_1_177' title='bbox 244 3404 478 3480; x_wconf 85' lang='lat' dir='ltr'><strong>extitit,</strong></span> <span class='ocrx_word' id='word_1_178' title='bbox 537 3407 610 3466; x_wconf 92' lang='lat' dir='ltr'><strong>ut</strong></span> <span class='ocrx_word' id='word_1_179' title='bbox 668 3401 1064 3467; x_wconf 88' lang='lat' dir='ltr'><strong>Sallustium</strong></span> <span class='ocrx_word' id='word_1_180' title='bbox 1111 3400 1551 3480; x_wconf 87' lang='lat' dir='ltr'><strong>Historicum,</strong></span> <span class='ocrx_word' id='word_1_181' title='bbox 1601 3400 1779 3487; x_wconf 87' lang='lat' dir='ltr'><strong>quod</strong></span> <span class='ocrx_word' id='word_1_182' title='bbox 1835 3422 1987 3468; x_wconf 91' lang='lat' dir='ltr'><strong>eum</strong></span> <span class='ocrx_word' id='word_1_183' title='bbox 2039 3406 2171 3470; x_wconf 88' lang='lat' dir='ltr'><strong>oris</strong></span> <span class='ocrx_word' id='word_1_184' title='bbox 2232 3409 2446 3490; x_wconf 88' lang='lat' dir='ltr'><strong>probi,</strong></span> 
     </span>
     <span class='ocr_line' id='line_1_27' title="bbox 244 3504 2450 3589; baseline 0.001 -19"><span class='ocrx_word' id='word_1_185' title='bbox 244 3505 463 3570; x_wconf 87' lang='lat' dir='ltr'><strong>animo</strong></span> <span class='ocrx_word' id='word_1_186' title='bbox 505 3504 968 3582; x_wconf 81' lang='lat' dir='ltr'><strong>inverecundo,</strong></span> <span class='ocrx_word' id='word_1_187' title='bbox 1021 3505 1425 3589; x_wconf 68' lang='lat' dir='ltr'><strong>scripsisset,</strong></span> <span class='ocrx_word' id='word_1_188' title='bbox 1477 3507 1907 3571; x_wconf 82' lang='lat' dir='ltr'><strong>acerbissima</strong></span> <span class='ocrx_word' id='word_1_189' title='bbox 1956 3508 2161 3571; x_wconf 86' lang='lat' dir='ltr'><strong>satira</strong></span> <span class='ocrx_word' id='word_1_190' title='bbox 2196 3507 2450 3573; x_wconf 84' lang='lat' dir='ltr'><strong>lacera-</strong></span> 
     </span>
     <span class='ocr_line' id='line_1_28' title="bbox 241 3590 2449 3693; baseline 0.001 -21"><span class='ocrx_word' id='word_1_191' title='bbox 241 3607 428 3684; x_wconf 80' lang='lat' dir='ltr'><strong>verit,</strong></span> <span class='ocrx_word' id='word_1_192' title='bbox 459 3590 847 3671; x_wconf 83' lang='lat' dir='ltr'><strong>lastaurum¹</strong></span> <span class='ocrx_word' id='word_1_193' title='bbox 879 3615 945 3671; x_wconf 92' lang='lat' dir='ltr'><strong>et</strong></span> <span class='ocrx_word' id='word_1_194' title='bbox 973 3605 1306 3683; x_wconf 75' lang='lat' dir='ltr'><strong>lui-eonem</strong></span> <span class='ocrx_word' id='word_1_195' title='bbox 1346 3612 1412 3669; x_wconf 91' lang='lat' dir='ltr'><strong>et</strong></span> <span class='ocrx_word' id='word_1_196' title='bbox 1455 3607 1869 3684; x_wconf 88' lang='lat' dir='ltr'><strong>nebulonem,</strong></span> <span class='ocrx_word' id='word_1_197' title='bbox 1916 3596 2449 3693; x_wconf 77' lang='lat' dir='ltr'><strong>popinonemque</strong></span> 
     </span>
     <span class='ocr_line' id='line_1_29' title="bbox 246 3709 2446 3793; baseline 0.001 -21"><span class='ocrx_word' id='word_1_198' title='bbox 246 3709 613 3792; x_wconf 80' lang='lat' dir='ltr'><strong>appellanS‚</strong></span> <span class='ocrx_word' id='word_1_199' title='bbox 661 3715 729 3773; x_wconf 91' lang='lat' dir='ltr'><strong>et</strong></span> <span class='ocrx_word' id='word_1_200' title='bbox 755 3709 898 3773; x_wconf 85' lang='lat' dir='ltr'><strong>vita</strong></span> <span class='ocrx_word' id='word_1_201' title='bbox 943 3710 1350 3792; x_wconf 88' lang='lat' dir='ltr'><strong>scriptisque</strong></span> <span class='ocrx_word' id='word_1_202' title='bbox 1386 3714 1855 3786; x_wconf 88' lang='lat' dir='ltr'><strong>monstrosum,</strong></span> <span class='ocrx_word' id='word_1_203' title='bbox 1908 3716 2233 3793; x_wconf 78' lang='lat' dir='ltr'><strong>praeterea</strong></span> <span class='ocrx_word' id='word_1_204' title='bbox 2275 3710 2446 3793; x_wconf 87' lang='lat' dir='ltr'><strong>pris·-</strong></span> 
     </span>
     <span class='ocr_line' id='line_1_30' title="bbox 245 3809 2257 3895; baseline 0.001 -21"><span class='ocrx_word' id='word_1_205' title='bbox 245 3829 468 3875; x_wconf 88' lang='lat' dir='ltr'><strong>corum</strong></span> <span class='ocrx_word' id='word_1_206' title='bbox 498 3809 906 3895; x_wconf 85' lang='lat' dir='ltr'><strong>Catonisque</strong></span> <span class='ocrx_word' id='word_1_207' title='bbox 934 3813 1283 3876; x_wconf 86' lang='lat' dir='ltr'><strong>verborum</strong></span> <span class='ocrx_word' id='word_1_208' title='bbox 1309 3811 1895 3876; x_wconf 86' lang='lat' dir='ltr'><strong>ineruditissimum</strong></span> <span class='ocrx_word' id='word_1_209' title='bbox 1921 3810 2147 3877; x_wconf 85' lang='lat' dir='ltr'><strong>furem.</strong></span> <span class='ocrx_word' id='word_1_210' title='bbox 2246 3809 2257 3829; x_wconf 69' lang='lat'><em>¹</em></span> 
     </span>
    </p>
   </div>
   <div class='ocr_carea' id='block_1_11' title="bbox 373 4046 2316 4212">
    <p class='ocr_par' dir='ltr' id='par_1_11' title="bbox 373 4046 2316 4212">
     <span class='ocr_line' id='line_1_31' title="bbox 891 4046 1800 4111; baseline 0.002 -16"><span class='ocrx_word' id='word_1_211' title='bbox 891 4050 918 4095; x_wconf 95' lang='lat'><strong>1</strong></span> <span class='ocrx_word' id='word_1_212' title='bbox 954 4046 1078 4097; x_wconf 45' lang='lat' dir='ltr'><strong>vid,</strong></span> <span class='ocrx_word' id='word_1_213' title='bbox 1095 4046 1247 4097; x_wconf 74' lang='lat' dir='ltr'><strong>Voss-</strong></span> <span class='ocrx_word' id='word_1_214' title='bbox 1283 4046 1576 4111; x_wconf 70' lang='lat' dir='ltr'><strong>Etymolog.</strong></span> <span class='ocrx_word' id='word_1_215' title='bbox 1610 4060 1662 4110; x_wconf 83' lang='lat' dir='ltr'><strong>p.</strong></span> <span class='ocrx_word' id='word_1_216' title='bbox 1684 4049 1800 4102; x_wconf 76' lang='grc'><strong>281.</strong></span> 
     </span>
     <span class='ocr_line' id='line_1_32' title="bbox 373 4124 2316 4212; baseline -0.001 -13"><span class='ocrx_word' id='word_1_217' title='bbox 373 4148 548 4212; x_wconf 63' lang='lat' dir='ltr'><strong>Daph.</strong></span> <span class='ocrx_word' id='word_1_218' title='bbox 568 4154 614 4199; x_wconf 71' lang='lat' dir='ltr'><strong>ee</strong></span> <span class='ocrx_word' id='word_1_219' title='bbox 644 4148 759 4199; x_wconf 67' lang='lat' dir='ltr'><strong>Var.</strong></span> <span class='ocrx_word' id='word_1_220' title='bbox 779 4150 906 4203; x_wconf 73' lang='grc' dir='ltr'><strong>σιω.</strong></span> <span class='ocrx_word' id='word_1_221' title='bbox 1143 4126 1151 4133; x_wconf 81' lang='lat'>&#39;</span> <span class='ocrx_word' id='word_1_222' title='bbox 1246 4150 1442 4201; x_wconf 69' lang='lat' dir='ltr'><strong>Sallust.</strong></span> <span class='ocrx_word' id='word_1_223' title='bbox 1858 4200 1868 4207; x_wconf 79' lang='grc'><em>,</em></span> <span class='ocrx_word' id='word_1_224' title='bbox 2220 4124 2232 4129; x_wconf 79' lang='grc'><em>”</em></span> <span class='ocrx_word' id='word_1_225' title='bbox 2272 4149 2316 4198; x_wconf 91' lang='lat' dir='ltr'><strong>c</strong></span> 
     </span>
    </p>
   </div>
  </div>
 </body>
</html>
