2930 4758
954 268 1448 341 muennuu,
1498 276 1646 326 ms.
1667 276 1794 327 ·v1.
2365 260 2502 331 ωδ

256 418 654 492 maximum
696 446 846 492 esse
906 424 1140 491 Nilum
1180 429 1591 494 consentitur
1619 444 1640 509 3
1710 429 2024 513 proxima
2049 430 2497 513 magnitudine

256 546 439 593 esse
485 528 732 595 Istrum
788 531 1060 615 scripsit
1107 530 1484 596 Sallustius.
1578 528 1751 595 Gen.
1809 549 1888 596 x.
1933 534 2000 597 ’7.

254 620 277 655 ²
370 630 490 694 Ex
520 628 857 697 omnibus‘¹
907 652 1063 715 quae
1110 632 1567 712 tractavimus,
1621 634 1858 698 AEbuti
1889 633 2240 725 LiberaliS,
2279 641 2502 721 potest

262 731 499 797 videri
526 733 687 797 nihil
712 739 847 800 tam
874 736 1343 814 necessarium,
1391 742 1506 801 aut
1552 738 1788 819 magiS,
1839 742 1916 802 ut
1945 738 2040 803 ait
2068 736 2498 818 Sallustius‚*

268 852 447 997 (ἓιηι
476 854 639 901 cura
680 835 1054 917 dicendum,
1101 858 1301 921 quam
1345 840 1524 921 quod
1578 839 1648 903 in
1693 839 2005 903 manibus
2050 846 2174 904 est.
2267 838 2498 905 Seneca

358 935 524 1019 enejf.
574 954 673 1000 lv.
704 939 767 1003 1.

368 1040 742 1105 Turbinum
778 1048 1001 1108 motus
1034 1061 1240 1127 vagus
1280 1050 1409 1123 est,
1462 1050 1530 1111 et
1575 1045 1912 1131 disjectus,
1962 1051 2028 1109 et
2066 1046 2164 1111 uti
2193 1042 2500 1115 Sallustii

268 1143 509 1209 verbis
537 1151 709 1223 utar,
738 1147 1153 1227 vorticosus3
1211 1154 1617 1212 cometarum
1673 1152 1896 1226 autem
1946 1150 2386 1231 compositus,
2433 1155 2502 1215 et

271 1251 535 1311 certum
564 1248 686 1312 iter
711 1267 1012 1333 carpenS.
1105 1240 1301 1312 Idem.
1395 1246 1553 1313 Nat.
1589 1246 1715 1315 Qu.
1759 1266 1887 1313 v11.
1922 1250 1994 1315 8.-

340 1344 755 1428 ·Sallustius,
786 1339 1017 1413 auctor
1042 1348 1463 1424 certissimus,
1504 1352 1738 1414 asserit
1763 1350 2038 1433 Tigrim,
2082 1357 2149 1416 et
2198 1351 2501 1436 Euphra·-

275 1453 420 1512 tem
462 1468 598 1514 uno
643 1449 821 1514 fonte
863 1469 1154 1528 manare,
1170 1450 1239 1513 in
1282 1448 1624 1526 Armenia,
1670 1451 1782 1534 qui
1825 1471 1940 1535 per
1981 1453 2246 1517 diversa
2273 1458 2501 1519 euntes

275 1550 549 1633 longius
572 1551 970 1630 dividantur,
1023 1553 1243 1636 spatio
1262 1552 1486 1617 medio
1507 1554 1742 1629 relicto
1771 1554 2121 1618 multorum
2167 1554 2447 1619 millium
2476 1574 2499 1635 3

281 1672 442 1735 quae
488 1657 705 1717 tamen
736 1658 931 1733 terra,
962 1674 1113 1737 quae
1146 1658 1233 1720 ab
1262 1655 1437 1740 ipsis
1460 1656 1772 1733 ambitur,
1807 1642 2304 1739 Mesopotamia
2329 1654 2504 1719 dici·

279 1759 408 1822 tur.
499 1751 673 1819 Idem
723 1759 790 1819 et
846 1753 1081 1822 Isidor.
1132 1773 1305 1822 xm.
1370 1751 1513 1819 Vib.
1567 1753 1841 1841 sequen.
1882 1762 1950 1821 et
1979 1752 2251 1823 Hieron.
2281 1754 2356 1820 de
2383 1753 2503 1821 Ιοσ.

156 1932 161 1937 ,
286 1853 464 1923 Heb.

373 1958 681 2024 Pelorum
736 1961 1259 2045 promontorium
1325 1961 1582 2028 Siciliae
1661 1963 2028 2047 respiciens
2094 1960 2499 2047 Aquilonem

274 2059 479 2145 juxta
528 2061 916 2126 Sallustium
962 2063 1212 2127 dictum
1254 2083 1297 2128 a
1326 2066 1758 2147 gubernatore
1789 2064 2197 2132 Hannibalis
2225 2065 2368 2131 illic
2398 2084 2504 2130 se-

284 2162 495 2246 pulto,
526 2162 643 2246 qui
668 2161 883 2227 fuerat
909 2164 1179 2227 occisus
1210 2182 1331 2248 per
1357 2169 1796 2249 ignorantiam
1823 2170 2028 2251 regis,
2057 2187 2216 2234 cum
2246 2186 2322 2233 se
2349 2165 2500 2252 ejus

289 2262 444 2328 dolo
475 2264 768 2329 crederet
792 2284 941 2329 esse
970 2265 1344 2349 deceptum.
1443 2265 1622 2331 Serv.
1652 2274 1720 2332 et
1750 2266 1978 2332 Isidor.
2005 2302 2012 2311 ·

376 2364 746 2446 Aristaeus:
794 2372 869 2433 ut
924 2366 1282 2432 Sallustius
1326 2367 1548 2448 docet,
1595 2374 1748 2454 post
1788 2370 2118 2436 laniatum
2147 2391 2190 2434 a
2220 2371 2500 2454 canibus

288 2466 701 2536 Actaeonem‘
724 2470 932 2536 filium
956 2473 1186 2535 matris
1214 2472 1529 2536 instinctu
1553 2469 1820 2538 Thebas
1855 2473 2140 2557 reliquit,
2171 2477 2236 2538 et
2263 2471 2502 2537 Ceamss

292 2572 572 2638 insulam
600 2569 833 2648 tenuit,
891 2573 1109 2656 primo
1154 2570 1371 2638 adhuc
1414 2573 1798 2638 hominibus
1855 2593 2140 2638 vacuam
2170 2594 2186 2632 ε
2231 2578 2498 2657 postea,

292 2693 369 2738 ea
393 2675 647 2752 relicta,
681 2693 831 2738 cum
862 2673 1150 2738 Daedalo
1178 2675 1249 2737 in
1279 2673 1653 2740 Sardiniam
1680 2673 2007 2752 transivit,
2047 2679 2208 2759 post
2237 2675 2500 2740 delatus

282 2781 392 2864 ‘est
428 2773 731 2840 Cumas.¹¹
820 2774 995 2838 Serv.
2337 2855 2344 2862 ἢ

375 2875 730 2942 Sallustius
758 2876 965 2941 duces
1016 2877 1274 2956 laudat,
1324 2871 1440 2961 qui
1471 2873 1913 2950 victoriam**
1943 2878 2282 2944 incruento
2313 2897 2500 2946 exer-

296 2980 421 3048 situ
450 2977 893 3064 deportarunt.
940 2975 1141 3043 Idem.

375 3077 595 3145 cares*
667 3079 964 3146 Insulani
1034 3083 1267 3166 populi
1329 3083 1613 3159 fuerunt,
1676 3082 2027 3166 piraticam
2089 3083 2496 3159 exercentes,

1292 3295 1507 3347 NOTAE

354 3432 375 3468 ὃ
408 3431 733 3496 Exomaibus]
766 3431 953 3484 Nullus
976 3447 1078 3484 non
1100 3447 1165 3484 ea
1194 3432 1350 3483 facile
1495 3439 1520 3475 t
1557 3431 1724 3496 Ceam]
1761 3432 1886 3497 Ces,
1918 3432 2004 3482 vel
2040 3436 2098 3481 ut
2133 3430 2222 3481 alii
2243 3429 2499 3496 scribunt,

296 3512 551 3575 dignoscet
578 3524 693 3574 qnae
739 3515 863 3564 sunt
896 3509 1143 3573 Sallustii,
1182 3508 1237 3560 in
1270 3507 1348 3558 his
1431 3508 1590 3569 Ceos,
1631 3507 1800 3557 insula
1829 3513 1912 3558 est
1951 3507 2104 3558 maris
2137 3507 2310 3572 AEgei,
2335 3509 2497 3573 juxta

300 3593 349 3638 et
366 3585 689 3651 sequentibus
703 3583 1022 3648 fragmentis.
1427 3584 1697 3635 Euboeam.
2349 3633 2356 3639 ,

356 3669 377 3695 ⁶
408 3661 663 3724 Aristeus]
706 3661 964 3726 Apollinis
1014 3666 1071 3711 et
1115 3661 1346 3726 Cyrenes
1491 3656 1516 3691 ¹·
1553 3658 1750 3722 Cumas]
1783 3659 1980 3724 Cumae,
2009 3659 2152 3712 Urbs
2195 3659 2494 3724 Campania

300 3737 511 3801 filius‚nt
533 3737 765 3803 plurimis
782 3738 975 3802 placet,
990 3738 1091 3788 olei
1109 3744 1167 3788 et
1179 3737 1345 3788 mellis
1424 3735 1704 3786 maritima.

300 3815 561 3866 inventura
1487 3811 1503 3846 ¹
1537 3811 1708 3874 Cares]
1742 3811 1845 3862 Cos
1869 3812 2036 3862 insula
2051 3816 2134 3860 est
2155 3810 2308 3860 maris
2327 3809 2495 3874 AEgoei

356 3889 375 3924 f
395 3891 685 3956 Accam]
724 3890 851 3954 nie,
870 3891 949 3942 irs
964 3890 1171 3950 Diana,
1190 3904 1344 3956 qnam
1425 3903 1528 3940 non
1567 3888 1720 3952 longe
1755 3903 1786 3937 a
1819 3887 1987 3950 Caria,
2009 3901 2124 3950 qum
2163 3891 2220 3935 et
2245 3887 2364 3950 ipsa
2395 3885 2495 3936 boc

292 3968 469 4020 inscius
488 3968 598 4018 sine
637 3974 782 4018 veste
811 3968 1041 4031 viderat,
1064 3968 1117 4016 in
1132 3979 1345 4018 cervum
1424 3963 1631 4014 nomine
1653 3963 1796 4014 dieta
1821 3969 1922 4026 est,
1959 3969 2173 4012 auctore
2203 3962 2490 4026 Stephano.

300 4048 531 4108 mutatus,
584 4059 619 4093 a
668 4043 776 4094 suis
810 4042 1033 4106 ⁸canibus
1088 4043 1342 4094 laceratus
1404 4025 1631 4092 ‘Probus
1649 4039 1704 4088 ln
1725 4037 2005 4101 Militisde,
2041 4039 2198 4089 Cares
2215 4038 2272 4088 in
2295 4039 2492 4090 Iamno

305 4125 388 4170 est.
1312 4107 1323 4118 ⁴
1424 4116 1716 4170 consedisse
1738 4121 1992 4168 testaturz
2032 4115 2268 4180 adeoque
2287 4115 2342 4168 hi
2379 4114 2492 4168 fue-
