2930 4758
431 256 520 321 22
1441 272 1623 322 vri-A
1744 278 1749 285 ·

430 415 741 481 Romana
777 434 894 500 per
927 414 1274 481 duodecim
1303 434 1507 481 annos
1536 416 1885 500 gestarum,
1933 424 2085 484 ante
2115 418 2355 503 Lepidi
2384 421 2649 485 tumul-.

389 552 395 558 ·
427 526 604 598 tum3
650 537 926 601 quorum
955 516 1302 583 duodecim
1329 536 1643 585 annorum
1672 518 1929 584 initium
1956 519 2227 583 fecerim
2256 521 2523 587 circites
2542 524 2637 587 ab

429 638 604 683 anno
633 616 720 681 U.
745 616 826 681 C.
859 632 1206 696 nemun„
1259 636 1390 701 quo
1428 618 1675 683 bellum
1708 618 2077 685 Marsicum
2105 620 2512 701 inchoatum,
2542 625 2636 701 ab

430 740 514 785 eo
556 719 728 783 enim
776 724 1093 801 tempore,
1144 737 1354 802 usque
1405 718 1491 781 ad
1536 722 1903 782 extremam
1943 721 2359 785 Dictaturam
2400 718 2637 807 Syllae,

429 820 783 885 duodecim
817 820 1080 883 circiter
1109 819 1262 882 anni
1288 818 1638 883 fluxerunt.
1666 885 1669 888 ,
1728 818 1951 884 Multa
1978 827 2195 885 autem
2223 823 2640 887 inveniuntur

425 922 790 1003 fragmenta
815 920 1140 998 Sallustii,
1163 939 1252 983 ex
1277 920 1517 1003 quibus
1547 905 1755 1004 liquet
1782 938 1935 983 eum
1960 941 2069 985 res
2098 942 2141 985 a
2166 922 2355 1007 Sylla
2382 931 2639 1005 gestaS,

431 1022 810 1106 scripsisse3
858 1044 1010 1105 quae
1037 1040 1124 1087 ea
1147 1021 1471 1104 temporis
1490 1022 1989 1106 intercapedine
2010 1011 2439 1089 continentur.
2528 1044 2551 1088 1
2565 1044 2639 1090 v,

432 1124 692 1187 Bellum
749 1116 1108 1206 scripserat
1164 1122 1653 1201 Sertorianum,·
1692 1123 1871 1208 quod
1916 1129 2211 1207 coeperat
2264 1127 2391 1189 sub
2436 1126 2638 1191 finem

431 1224 592 1301 vitae
621 1223 852 1307 Syllae,
893 1224 1330 1307 proximeque
1358 1222 1709 1288 duodecim
1749 1244 1954 1289 annos
1981 1230 2375 1290 memoratos
2404 1244 2653 1291 conse-5

431 1326 788 1408 quebatur3
865 1321 1179 1388 Metellus
1227 1324 1402 1387 enim
1446 1326 1516 1387 in
1563 1325 1967 1408 Hispaniam
2015 1332 2242 1390 contra
2271 1322 2641 1393 Sertorium

431 1426 678 1491 missus
721 1431 822 1494 est
878 1444 1051 1489 anno
1103 1422 1194 1487 U.
1237 1421 1318 1487 G.
1366 1440 1662 1489 Dcnxxl
1677 1442 1741 1489 ν.
1804 1428 1921 1510 qui
1970 1425 2321 1491 duodecim
2374 1430 2641 1493 illorum

433 1544 747 1603 annorum
775 1528 1042 1591 ultimus
1081 1526 1232 1591 fuit.
1321 1526 1396 1590 Si
1445 1546 1529 1589 ea
1578 1527 1891 1591 Historia
1938 1528 2027 1591 ad
2073 1535 2379 1612 receptas
2422 1550 2643 1613 usque

437 1627 811 1711 Hispanias
841 1631 1146 1712 pertexta
1173 1632 1300 1707 est,
1345 1627 1524 1711 quod
1558 1629 1869 1713 credibile
1896 1627 2177 1707 videtur,
2208 1630 2520 1713 pertinuit
2547 1628 2641 1693 ad

433 1734 676 1793 annum
730 1716 1110 1794 nchXxl.
1155 1749 1308 1793 nam
1337 1749 1418 1791 eo
1446 1729 1710 1793 demum
1738 1749 1933 1807 anno,
1962 1732 2211 1795 occisis
2239 1732 2539 1797 Sertorio
2568 1737 2643 1796 et

429 1827 805 1913 Perpenna,
835 1836 1093 1913 pacatae
1127 1836 1280 1895 sunt
1310 1830 1687 1913 Hispaniae.

521 1927 704 1995 Hinc
727 1932 1050 2009 videmuS,
1071 1934 1378 2018 quamvis
1397 1931 1755 1997 Sallustius
1776 1932 2056 2017 carptim
2075 1934 2456 2016 scripsisset
2474 1933 2643 1997 His-

435 2030 676 2101 toriam
729 2032 1126 2110 Romanam,
1177 2052 1298 2097 nec
1341 2033 1651 2097 continua
1699 2038 2063 2117 temporum
2112 2036 2281 2099 serie
2327 2034 2641 2099 lucubra-

437 2126 648 2196 tiones
667 2152 840 2210 suas
856 2134 1200 2211 edidisset,
1225 2153 1312 2197 ex
1333 2133 1544 2196 tribus
1562 2137 1897 2215 postremo
1920 2136 2303 2199 memoratis
2326 2136 2643 2217 operibus

387 2292 392 2295 .
435 2236 734 2318 potuisse
791 2235 1056 2299 contexi
1115 2234 1376 2299 circiter
1433 2235 1806 2299 octodecim
1852 2254 2171 2301 annorum
2221 2235 2641 2316 Historiam3

437 2354 590 2420 quae
637 2335 886 2400 utinam
911 2354 1070 2400 sane
1093 2336 1382 2400 extaret!
1476 2334 1865 2418 Fragmenta
1892 2336 2064 2400 enim
2094 2336 2243 2421 ejus
2276 2338 2453 2400 sitim
2482 2355 2642 2401 nos-

438 2445 604 2526 tram
651 2439 969 2516 excitant,
1015 2458 1162 2516 non,
1197 2439 1629 2520 restinguunt.
1678 2437 1819 2515 „Hi
1870 2444 2091 2503 autem
2120 2440 2294 2516 libri,
2336 2440 2643 2526 quamvis

439 2540 526 2603 ab
573 2544 840 2604 auctore
895 2560 976 2604 eo
1022 2540 1274 2618 ordine,
1334 2560 1529 2624 quem
1558 2544 1881 2625 memorat
1907 2538 2275 2617 AusoniuS,
2324 2539 2509 2616 editi,
2536 2539 2664 2603 vi·-

439 2640 674 2704 dentur
717 2647 955 2722 postea
1003 2661 1046 2704 a
1079 2639 1561 2718 ,Grammaticis
1588 2642 1659 2704 in
1688 2641 1983 2704 ordinem
2012 2633 2339 2724 quendam
2364 2640 2640 2722 redacti,

437 2747 514 2806 ut
539 2761 626 2805 ex
655 2742 868 2804 tribus
899 2742 1212 2823 operibus
1239 2761 1370 2805 una
1393 2743 1784 2806 conflaretur
1807 2742 2136 2818 Historia,
2160 2742 2473 2826 Librique
2486 2738 2641 2826 'ejus

437 2847 756 2927 perpetuo
795 2842 1024 2906 ordine
1051 2863 1092 2906 a
1121 2845 1330 2926 primo
1361 2843 1448 2906 ad
1476 2842 1780 2907 ultimum
1807 2843 2241 2921 decurrerent,
2262 2842 2645 2926 ,commodi-

397 2975 402 2978 ·
436 2963 652 3027 usque
693 2944 779 3007 ad
827 2945 1269 3008 testimonium
1321 2944 1691 3008 citarentur.
1797 2941 2074 3006 Asinius
2107 2944 2347 3021 Pollio,
2376 2944 2447 3007 in
2474 2945 2639 3008 libro

443 3065 576 3128 quo
632 3044 934 3108 Sallustii
990 3045 1244 3129 scripta
1295 3044 1815 3129 reprehenderat,
1880 3051 1953 3110 ut
1977 3069 1983 3078 ·
2008 3045 2214 3108 nimia
2269 3047 2641 3129 priscorum

439 3148 785 3211 verborum
833 3146 1246 3210 affectatione
1295 3145 1528 3221 oblita,
1577 3145 1899 3222 tradebat,
1951 3149 1973 3177 ‘
1997 3145 2077 3208 In
2106 3165 2255 3210 eam
2282 3167 2419 3210 rem
2450 3145 2651 3229 adju-,

441 3248 680 3313 torium
711 3249 773 3311 ei
802 3248 1043 3312 fecisse
1073 3248 1364 3312 maxime
1413 3246 1744 3332 quendam
1792 3245 2090 3312 Atteium
2139 3246 2638 3325 Praetextatum,

381 3380 386 3391 ¹
439 3350 730 3413 nobilem
760 3348 1276 3414 Grammaticum
1319 3348 1652 3424 Latinum,
1701 3348 2207 3412 declamantium
2256 3347 2491 3412 deinde
2525 3349 2640 3412 ad-

415 3446 719 3536 ''jutorem
767 3456 963 3534 atque
989 3449 1511 3535 praeceptorem?
1595 3447 1706 3514 Ab
1751 3450 1878 3513 hoc
1924 3451 2146 3514 aiebat
2190 3454 2211 3483 ‘
2230 3450 2641 3529 Sallustium,

446 3553 819 3617 Historiam
877 3553 1164 3616 scribere
1219 3569 1627 3634 aggressum,
1690 3552 2021 3616 breviario
2078 3570 2293 3616 rerum
2347 3553 2641 3617 omnium

442 3653 918 3729 Romanarum,
941 3673 1029 3746 εξ
1045 3653 1288 3737 quibus
1307 3671 1477 3737 quas
1492 3652 1689 3716 vellet
1703 3653 1986 3736 eligeret,
2010 3654 2399 3718 instructum
2413 3653 2641 3730 fuisse,

443 3757 844 3840 antiquaque
874 3756 938 3819 ei
967 3757 1170 3820 verba
1197 3761 1264 3821 et
1296 3756 1543 3838 figuras
1585 3755 1855 3819 solitum
1898 3774 2053 3818 eum
2101 3775 2246 3820 esse
2296 3755 2642 3838 colligere?

441 3855 726 3924 Videtur
783 3857 1272 3922 Grammaticus
1321 3877 1452 3921 non
1507 3857 1815 3940 ignobilis
1870 3876 1953 3920 ea
2004 3857 2073 3920 in
2126 3877 2196 3920 re
2252 3858 2509 3939 ingenio
2562 3877 2641 3921 ac

445 3959 764 4025 voluntati
794 3958 1092 4023 Sallustii
1121 3957 1527 4039 gratificatus
1550 3977 1723 4035 esse,
1746 3959 1967 4041 potius
1994 3977 2195 4042 quam
2220 3977 2410 4022 suum
2430 3957 2641 4040 ipsius

439 4060 766 4144 judicium
797 4066 1102 4144 secutus3
1145 4079 1302 4126 nam
1328 4061 1400 4126 in
1427 4061 1787 4145 praeceptis
1816 4058 2195 4126 Rhetoricis
2218 4058 2305 4123 ad
2337 4057 2640 4123 Asinium
