2930 4758
381 294 404 305 “
429 306 517 381 34
1249 312 1344 363 nn
1400 310 1819 363 sAnnus'rxo

1100 450 1491 566 Macrobius
1521 498 1665 565 Sat.
1700 452 1816 563 111..
1848 496 1955 563 15.

517 639 901 718 Sallustius,
974 602 1410 721 gravissimus
1468 636 1705 702 alienae
1765 612 2047 699 luituriae
2120 598 2506 715 objurgator
2563 602 2650 691 ’ά

435 764 694 811 censor.

1382 924 1689 989 Etv..1

381 1062 392 1071 ’
431 1066 441 1077 ’
523 1065 827 1146 Quatuor
869 1066 1020 1126 sunt
1060 1078 1300 1144 genera
1342 1055 1643 1122 dicendi:
1690 1056 2061 1141 copiosum,
2112 1055 2184 1117 in
2226 1074 2359 1141 quo
2406 1051 2649 1120 Cicero
2736 1123 2743 1125 ,

435 1142 835 1233 dominatur.
883 1165 1104 1240 breve,
1146 1162 1217 1225 in
1261 1180 1393 1245 quo
1439 1158 1791 1226 Sallustius
1834 1166 2096 1240 regnat:
2144 1157 2417 1233 siccum,
2462 1153 2647 1240 quod

430 1248 759 1338 ⁸Frontoni
809 1263 1194 1330 ascribitur:
1269 1264 1507 1349 pingue
1565 1267 1633 1325 et
1675 1260 2009 1339 floridum,
2070 1260 2141 1323 in
2199 1278 2333 1341 quo
2385 1256 2650 1323 Plinius

433 1366 768 1435 'secundus
816 1345 1190 1450 quondam3
1238 1371 1306 1429 et
1351 1384 1551 1443 nunc,
1581 1364 1761 1449 nullo
1806 1366 2098 1430 veterum
2144 1362 2377 1445 minor,
2424 1364 2651 1427 noster

440 1470 874 1555 Symmachus
901 1467 1289 1533 luxuriatur.

1209 1654 1646 1739 Symmachus
1679 1672 1748 1720 v,
1778 1620 1886 1719 66.

523 1790 786 1855 Interea
828 1808 1065 1854 recuso
1118 1783 1533 1867 sententiam,
1583 1808 1735 1874 quae
1791 1806 1929 1851 rem
1978 1750 2352 1850 venaticam
2404 1782 2647 1848 servile

443 1892 607 1957 dicit
633 1889 946 1955 officium.
1035 1890 1350 1955 Statuerit
1391 1892 1520 1953 hoc
1563 1890 1842 1971 scriptor
1871 1886 2043 1971 stylo
2084 1879 2340 1949 tantum
2368 1886 2658 1968 proban-

446 1993 610 2057 dus:
657 2010 812 2056 nam
839 2010 1098 2055 morum
1130 1990 1277 2073 ejus
1306 1990 1553 2055 damna
1577 2009 1713 2055 non
1738 1991 1983 2064 sinunt,
2012 1991 2087 2052 ut
2115 1987 2201 2051 ab
2230 1986 2347 2053 illo
2378 1984 2655 2072 agendae

445 2094 603 2159 vitae
635 2095 892 2177 petatur
920 2092 1304 2161 auctoritas.

1091 2275 1434 2340 Ausonius
1461 2277 1531 2341 in
1562 2276 1999 2360 Protreptico.

619 2411 780 2478 Jam
805 2413 1064 2478 facinus
1095 2409 1386 2475 Catilina
1407 2417 1620 2490 tuum,
1645 2411 2013 2502 Lepidique
2042 2411 2413 2488 tumultum,

617 2515 732 2581 Ab
762 2515 1021 2600 Lepido
1049 2521 1116 2580 et
1146 2512 1384 2578 Catulo
1410 2513 1560 2597 Jam
1587 2533 1694 2580 res
1724 2519 1789 2577 et
1816 2518 2117 2596 tempora
2145 2511 2412 2594 Romae,

620 2616 857 2695 Orsus»,
886 2617 998 2680 bis
1029 2635 1223 2680 senos
1253 2615 1493 2678 seriem
1522 2619 1839 2678 connecto
1866 2616 1983 2698 per
2015 2631 2247 2676 annoS.

618 2717 662 2780 J
670 2735 778 2780 am
803 2717 954 2797 lego
980 2715 1163 2778 civili
1189 2715 1460 2778 mistum
1490 2714 1799 2779 Mavorte
1827 2715 2143 2791 duellum,

621 2813 847 2882 Movit
875 2815 1056 2902 quod
1085 2817 1271 2881 socio
1303 2815 1633 2880 Sertorius
1662 2815 1823 2878 exul
1850 2815 2073 2881 Ibero.

581 3003 895 3070 Sidonius
920 3002 1328 3088 Apollinaris
1369 3003 1440 3067 in
1479 3002 1814 3085 Panegyri
1844 3000 2195 3066 Anthemii
2213 3000 2527 3086 Augusti.

625 3137 784 3216 Qua
812 3136 1089 3222 Crispus
1117 3140 1436 3212 brevitate
1463 3138 1715 3222 placet,·
1738 3157 1870 3220 quo
1900 3137 2194 3219 pondere
2217 3125 2483 3227 Varro,-

627 3239 781 3318 Quo
810 3243 1002 3324 genio
1034 3239 1341 3320 PlautuS,
1374 3260 1507 3324 quo
1536 3241 1798 3306 flumine
1820 3237 2311 3316 Quintilianus,

630 3339 786 3420 Qua
810 3362 1062 3427 pompa
1087 3341 1368 3414 Tacitus
1397 3360 1736 3424 nunquam
1766 3341 1909 3404 sine
1935 3339 2134 3404 laude
2162 3339 2553 3434 loquendus.

1040 3525 1130 3590 Et
1171 3528 1240 3589 in
1272 3525 1601 3609 Panegyri
1630 3523 2109 3656 Narbonensi.

628 3657 718 3734 Et
743 3663 808 3724 te
832 3657 1220 3723 multimoda
1249 3659 1414 3724 satis
1441 3655 1805 3724 verendum

630 3759 1040 3842 Scriptorum
1066 3761 1528 3824 numerositate
1557 3759 1816 3827 Varro:

629 3857 720 3926 Et
745 3855 814 3924 'te
843 3862 959 3944 qui
987 3862 1306 3926 brevitate
1333 3859 1571 3946 Crispe
1598 3865 1845 3947 polles:

632 3962 722 4030 Et
749 3962 867 4046 qui
892 3982 1016 4047 pro
1045 3963 1310 4044 ingenio
1337 3963 1603 4044 fluente,
1632 3965 1798 4030 nulli

632 4063 898 4132 Corneli
922 4063 1157 4134 Tacite
1184 4084 1258 4130 es
1283 4065 1602 4133 tacendus
1630 4068 1750 4132 ori.
