2930 4758
1259 320 1675 375 PRAEFA‘MO.
1782 378 1788 390 ¹
1947 322 1953 328 ·
2524 311 2571 373 5

369 472 436 531 et
463 464 702 545 dictim
748 484 867 529 seu
898 484 1048 547 quae
1097 484 1187 528 ex
1234 464 1462 547 lingua
1508 470 1577 530 et
1604 466 1932 531 idiomate.
1948 468 2178 534 oritur:
2225 467 2361 531 alia
2385 487 2567 549 vero,

369 588 520 651 quae
569 568 766 631 rebus
814 568 982 651 ipsis
1036 569 1414 651 ascribitur3
1470 588 1641 651 quas
1687 569 1799 634 vel
1848 570 2062 641 obiter
2110 569 2208 635 illi
2251 570 2343 637 in·
2371 590 2571 635 cursu

369 670 711 747 orationiS,
759 670 865 732 vel
911 658 1225 751 tanquam
1271 670 1531 757 abunde
1579 672 1883 753 cognitas
1921 658 2301 753 attigerunt,
2332 674 2570 755 quavis

369 770 452 834 de
477 791 686 835 eausa
715 771 1017 853 denique,
1047 790 1180 834 non
1209 756 1378 835 satis*
1411 770 1498 833 ad
1529 776 1797 859 captum
1833 771 2146 846 omnium,
2192 772 2571 857 explicave-

367 877 538 937 runt.
629 871 919 936 Multam
947 874 1280 955 equidem,
1311 890 1586 955 eamque
1625 862 1927 936 maxime=
1964 872 2368 937 laudabilem
2412 890 2572 959 ope-

368 993 512 1037 ram
554 975 624 1037 in
658 975 770 1048 ,his
801 974 1134 1039 solvendis
1165 974 1667 1039 difficultatibus
1717 975 2206 1039 collocaverunt
2250 976 2569 1043 hactenus

367 1075 498 1138 viri
525 1076 979 1140 eruditissimi:
1001 1078 1095 1140 'at
1141 1096 1263 1141 suo
1309 1078 1483 1153 loc0,
1528 1096 1653 1140 nec
1682 1078 1844 1140 satis
1876 1077 2215 1141 commode
2243 1077 2393 1141 visa
2418 1080 2573 1153 sunt

368 1178 588 1259 posita
617 1198 766 1259 quae
793 1178 898 1240 illi
921 1179 1298 1269 ceteroquin
1328 1180 1575 1262 optime
1614 1180 2035 1262 scripserunt.
2127 1178 2370 1241 Eorum
2396 1179 2571 1248 enim

370 1277 891 1349 Commentarios
948 1279 1064 1342 ubi
1119 1278 1462 1362 inspiciaS,
1522 1300 1675 1363 quae
1744 1278 1833 1347 ad
1890 1279 2141 1343 nudam
2200 1272 2447 1357 vocum
2505 1286 2573 1343 et

367 1378 629 1463 phrasis
674 1380 999 1460 pertinent
1029 1378 1605 1460 significationem,
1650 1386 1781 1444 aut.
1808 1372 2208 1463 peculiarem
2251 1382 2571 1450 sermonis

370 1478 902 1558 declarationem,
962 1500 1044 1545 ea
1099 1500 1251 1545 cum
1307 1482 1604 1545 ulteriori
1659 1502 1873 1547 rerum
1924 1482 2335 1545 enarratione
2390 1501 2573 1546 com-

369 1581 585 1645 mixta
613 1582 940 1647 invenies:
984 1602 1072 1646 ex
1108 1602 1242 1666 quo
1273 1585 1495 1663 oritur,
1527 1589 1601 1647 ut
1630 1604 1779 1647 cum
1812 1584 2105 1666 aliquam
2134 1603 2222 1647 ex
2249 1582 2355 1646 his
2394 1582 2572 1649 notis

337 1736 342 1743 .
368 1682 696 1763 inspicere
723 1682 915 1760 velie,
945 1702 1076 1747 non
1105 1702 1186 1746 ea
1215 1684 1404 1767 prius
1435 1689 1763 1763 occurrat,
1796 1703 1995 1766 quam
2044 1685 2113 1747 in
2142 1684 2311 1761 aliiS,
2344 1689 2600 1751 contra.

371 1783 574 1846 animi
599 1785 696 1847 tui
747 1782 1166 1862 desiderium,
1215 1790 1476 1869 tempus
1524 1780 1987 1850 consumseris.
2028 1772 2041 1810 ²
2076 1784 2185 1849 Ne
2213 1771 2370 1867 quid
2396 1784 2573 1867 ejus-

371 1883 556 1949 modi
585 1885 876 1949 eveniret
917 1888 1174 1968 egregie
1213 1888 1509 1971 providit
1549 1886 1679 1964 Vir
1706 1886 2270 1970 prudentissimus.
2360 1886 2574 1951 Nam-

371 2004 503 2067 que
562 1984 1195 2070 Interpretationem,
1255 2008 1416 2071 quae,
1457 1988 1546 2053 ad
1595 2000 1842 2053 -vo'cum
1892 1994 1963 2051 et
2020 1988 2343 2051 sermonis
2408 1985 2573 2051 facit
2628 2024 2674 2041 s-

369 2086 930 2168 explanationem,
962 2108 1250 2153 seorsum
1307 2108 1349 2153 a
1399 2090 1599 2167 notis,
1640 2108 1792 2172 quae
1843 2108 1950 2154 res
1999 2090 2185 2171 ipsas
2232 2087 2571 2167 evolvunt,

369 2188 862 2302 proponendam
885 2189 1201 2255 decrevit:
1247 2192 1402 2268 nisi,
1431 2190 1618 2269 forte,
1652 2176 2046 2273 quandoque
2074 2188 2162 2252 ad
2186 2195 2401 2267 notas,
2430 2204 2572 2255 ma-

357 2288 548 2371 jores
596 2289 952 2369 nonnullae,
993 2289 1174 2354 eirca
1221 2290 1598 2369 dictionem,
1648 2290 2061 2385 difficultates
2112 2296 2333 2373 essent
2375 2277 2593 2359 rena-'

369 2390 1436 2476 hendae.Designavit1nsuper,
1463 2411 1611 2476 quo
1629 2381 1854 2456 omnia
1880 2392 2097 2475 primo
2126 2392 2349 2480 statim
2376 2393 2574 2458 intui·

369 2496 446 2556 tu
473 2499 906 2572 occurrerent,
931 2500 1014 2558 ut
1031 2495 1206 2559 notis
1237 2493 1665 2560 arithmeticis
1690 2493 1867 2571 loca,
1892 2493 2023 2558 ubi
2044 2474 2572 2575 interpretatione

371 2613 542 2677 opus
571 2601 768 2672 esset,
795 2596 1270 2677 indicarentur3
1315 2595 1659 2678 alphabeti
1682 2599 1903 2658 autem
1931 2594 2160 2658 literis
2179 2611 2335 2676 quae
2382 2601 2575 2660 notas

369 2701 770 2778 poscerent.¹
821 2698 1089 2780 Minuta
1098 2717 1257 2763 vero
1274 2698 1424 2762 haec
1445 2702 1618 2774 sunt,
1631 2717 1780 2780 quae
1798 2696 2012 2782 primo
2030 2694 2417 2760 delineantis
2432 2697 2581 2780 ani-⁴

369 2815 551 2862 mum
580 2792 1092 2882 occupaverunt.
1165 2796 1373 2864 Aliud
1389 2819 1527 2864 una
1540 2803 1607 2863 et
1634 2798 1865 2864 eadem
1882 2817 2091 2881 opera
2110 2797 2195 2859 ab
2212 2797 2363 2879 ipso
2391 2818 2575 2881 quae-
2612 2851 2617 2858 .

371 2897 572 2960 situm
588 2900 1027 2978 est,-ubertaS,
1049 2902 1325 2980 scilicet,
1349 2905 1415 2964 et
1435 2903 1755 2965 sermonis
1772 2900 1993 2982 copia.
2057 2898 2221 2961 *Non
2242 2899 2415 2961 enim
2434 2903 2575 2962 tan·

371 3002 508 3062 tum
525 3000 594 3062 in
607 2999 1156 3083 Interpretatione
1174 3021 1298 3066 suo
1317 3022 1583 3086 quoque
1600 3008 1668 3067 et
1681 3002 1957 3066 naturali
1972 3001 2126 3064 loco
2143 2999 2573 3064 restituendas

371 3099 587 3164 voluit
608 3107 832 3183 partes
863 3103 1178 3166 orationis
1205 3104 1520 3186 singulas,
1553 3103 2053 3168 Nominativum
2079 3106 2227 3165 ante
2254 3100 2571 3180 Verbum,

373 3197 611 3264 deinde
659 3200 1168 3281 Accusativum,
1197 3207 1318 3271 Sto.
1364 3205 1483 3268 sed
1534 3204 1936 3287 Synonyma,
1968 3203 2397 3290 obscurarum
2424 3202 2573 3268 vice

373 3302 764 3394 praesertim,
814 3305 1090 3367 aliarum
1141 3306 1343 3370 etiam
1391 3324 1635 3382 vocum
1687 3302 2147 3368 substituenda
2195 3303 2455 3368 statuit:
2502 3308 2575 3367 ut

375 3402 496 3480 sic,
530 3409 670 3468 tum
701 3419 933 3470 sensus
969 3407 1379 3473 clarissimus
1422 3413 1770 3492 appareat,
1802 3414 1941 3472 tum
1983 3408 2329 3472 verborum
2356 3407 2465 3470 vis
2509 3411 2575 3470 et

371 3506 648 3588 propria
693 3507 1090 3588 significatio
1140 3508 1557 3592 dijudicetur,
1611 3509 2139 3592 abundantiaque
2188 3509 2570 3576 inducatur:

375 3625 758 3692 quanquam
815 3629 906 3672 ex
974 3609 1205 3674 Poetis
1259 3610 1369 3674 hic
1427 3611 1683 3675 fructus
1738 3612 1859 3675 erit
1914 3610 2119 3675 multo
2185 3611 2568 3673 uberrimus·

377 3703 703 3772 Restabat
730 3710 910 3774 aliud
939 3711 1124 3790 nihil,
1153 3711 1282 3774 nisi
1311 3717 1444 3776 tam
1474 3713 1641 3788 utili,
1680 3719 1947 3795 tamque
1988 3710 2311 3776 laudabili
2355 3711 2573 3779 consi·-

371 3806 468 3871 lio
511 3829 781 3873 mamam
824 3811 1200 3876 admovere.
1291 3811 1467 3876 Rem
1494 3833 1653 3878 vero
1682 3814 1923 3895 ipsam,
1972 3818 2048 3876 ut
2074 3812 2353 3887 videtur,
2383 3812 2452 3874 in
2496 3829 2571 3874 se

374 3913 628 3994 recepit
654 3915 877 3994 gratus
911 3914 1235 3977 bonarum
1279 3914 1612 3980 literarum
1662 3913 1952 3980 Genius:
1997 3934 2151 3978 nam
2206 3932 2248 3977 a
2292 3931 2427 3996 quo
2470 3911 2565 4010 111-

854 4141 872 4167 ¹
910 4137 1020 4190 Nos
1041 4137 1212 4204 aliter,
1235 4138 1290 4190 in
1309 4139 1398 4191 ed.
1419 4153 1597 4207 praes„
1620 4146 1679 4192 ut
1698 4155 1783 4193 res
1796 4137 2101 4210 postulavit.
