2930 4758
928 314 1425 384 FRAGMENTA,
1475 320 1622 370 mn.
1669 320 1772 369 vr.

2337 302 2482 371 329.

244 466 505 534 Tanau
520 468 789 535 flumine
814 469 1137 534 incertum
1162 465 1602 553 quamobrem
1631 462 1974 549 digressae.
2066 460 2244 531 Serv.
2361 478 2370 485 ·

348 567 489 635 Ubi
516 590 669 635 eum
692 573 837 635 tota
870 568 1195 635 concione
1244 569 1333 634 ab
1380 566 1684 633 exercitu
1707 568 1888 650 cogit
1913 564 2281 647 discedere,
2309 567 2475 633 dicit

250 687 335 735 se
352 672 499 757 ejus
527 690 736 755 opera
755 687 887 735 non
912 688 1229 736 usurum·
1209 710 1231 753 1,
1256 688 1539 755 eumque
1567 671 1654 735 ab
1685 668 1884 734 armis
1913 668 2201 735 dimittit.
2276 667 2477 735 Idem.

349 772 441 839 Et
468 772 745 839 Metello
786 772 1027 856 procu}
1048 776 1284 855 agente
1312 770 1533 857 longa·
1573 790 1732 855 spes
1767 771 2191 837 auxiliorum
2281 768 2479 836 Idem.

349 874 547 941 More
600 874 927 959 equestris
986 874 1209 958 praelii
1260 875 1500 939 sumtis
1549 874 1762 958 tergis
1805 877 2010 958 atque
2048 874 2348 954 redditis,
2409 881 2477 943 et

254 978 509 1065 egressi
544 977 635 1042 ad
658 976 991 1043 faciliores
1018 977 1197 1041 ictus
1222 974 1379 1043 loco
1410 977 1754 1042 cedebant.
1845 973 2040 1041 Idem.

349 1080 591 1147 Castra
618 1080 765 1145 sine
792 1079 1063 1145 vulnere
1092 1078 1452 1145 introitum.
1550 1075 1742 1141 Idem.
2477 1118 2484 1126 .

351 1182 610 1249 Multos
654 1186 873 1247 tamen
918 1181 1005 1246 ab
1042 1179 1490 1247 adolescentia
1515 1180 1732 1245 bonos
1771 1179 2133 1247 insultavit.
2215 1178 2388 1244 Idem
2411 1186 2480 1250 et

262 1281 514 1349 Donat.

352 1383 580 1453 Cosa!
663 1384 841 1453 Serv.

350 1488 588 1573 Equis,
618 1495 815 1573 atque
838 1490 1042 1555 armis
1070 1487 1465 1571 insignibus.
1560 1483 1752 1549 Idem.

354 1588 633 1656 Fessus⁸
656 1592 730 1655 in
758 1591 1232 1676 Pamphyliam
1258 1609 1330 1654 se
1348 1594 1712 1674 receperat.
1803 1586 1998 1651 Idem.

353 1693 709 1759 Profectus
763 1693 1031 1777 quidam
1077 1693 1291 1776 Ligus
1341 1692 1429 1758 ad
1471 1692 1796 1778 requisita
1836 1692 2109 1757 naturoe.
2207 1687 2483 1760 Quintil.

352 1792 562 1879 Apud
610 1797 821 1862 latera
848 1793 1089 1862 certos*
1117 1794 1591 1861 collocaverat.
1683 1792 1864 1859 Serv.

348 1894 627 1980 Apertae
653 1903 893 1982 pmtae,
922 1898 1177 1981 repleta
1204 1916 1367 1961 arva
1392 1896 1785 1961 cultoribus.
1876 1892 2070 1959 Idem.

354 1996 789 2082 Hispaniam*
811 2001 939 2065 sibi
966 1999 1313 2085 antiquam
1342 2000 1629 2082 patriam
1647 2018 1817 2063 esse.
1907 1995 2106 2064 Idem.

355 2099 613 2185 Lyciae,
614 2097 641 2137 ¹²
689 2098 1119 2185 Pisidiaeque¹
1148 2120 1343 2183 agros
1377 2100 1896 2184 despectantem.
1987 2096 2193 2166 Idem.

356 2200 555 2267 Sorte
584 2202 822 2268 ductos
843 2201 1001 2266 fusti
1026 2206 1241 2266 necat.
1332 2198 1527 2265 Idem.
1668 2207 1677 2213 ’

358 2303 593 2370 Omnis
623 2302 827 2369 Italia
853 2308 1095 2368 coacta
1115 2304 1187 2367 in
1210 2302 1555 2385 angustias
1583 2304 1955 2369 scinditur
1935 2324 2006 2370 ιιι
2031 2303 2164 2369 duo
2183 2322 2492 2389 promon-

268 2408 463 2486 toria,
465 2415 508 2444 00
537 2407 923 2485 Bruttium,
942 2411 1010 2471 et
1038 2403 1499 2471 Salentinum:²
1587 2403 1783 2470 Idem.

355 2508 562 2574 Italia
588 2509 791 2592 plana
810 2527 891 2573 ac
918 2507 1167 2572 mollis.
1258 2504 1461 2570 Idem.

356 2608 517 2690 Qua
554 2615 951 2695 tempestate
993 2630 1085 2675 ex
1132 2609 1352 2674 Ponto
1390 2610 1499 2674 vis
1535 2607 1841 2674 Piscium
1867 2609 2124 2693 erupit.'
2196 2606 2370 2674 Idem
2421 2617 2491 2678 et

280 2709 649 2776 Scholiasta
668 2707 733 2776 J
728 2709 1029 2776 “venalia

361 2812 718 2878 Introrsus?
746 2814 959 2898 prima
986 2810 1181 2879 Asioe
1213 2810 1530 2897 Bithynia
1557 2818 1682 2891 est,
1727 2811 1954 2878 multis
1983 2815 2178 2878 antea
2209 2814 2492 2880 nomini·

1270 2977 1486 3030 NOTAE

336 3092 363 3128 ὅ
400 3094 576 3160 Tenui]
605 3096 792 3146 Tanais
822 3093 1009 3146 fluvius
1030 3102 1113 3146 est
1134 3094 1221 3160 qul
1240 3096 1342 3144 Eu-

278 3183 453 3236 ropam
496 3171 562 3221 ab
596 3168 723 3220 Asia
758 3169 959 3220 dividit.
1025 3169 1199 3220 Hodie
1232 3171 1346 3220 Dou

279 3245 488 3296 dieitur.

343 3326 367 3356 0
396 3321 589 3386 huga]
626 3320 691 3372 Id
726 3328 827 3386 est,
860 3321 1184 3388 longam«,
1208 3319 1345 3372 Auc-

280 3403 397 3450 tore
414 3399 615 3451 Servio.

342 3471 364 3530 ἕ
394 3474 538 3539 Cosa]
571 3475 767 3526 Civitas
790 3475 1032 3526 Etruriae.

334 3559 371 3596 ὅ
401 3553 599 3616 Fam]
648 3551 711 3603 Id
732 3558 832 3616 est,
848 3567 991 3616 egene
1009 3548 1213 3614 consilii,
1228 3551 1347 3601 Ser-

281 3627 366 3678 vio
385 3629 708 3693 interprete:
758 3642 875 3679 uam
900 3642 1120 3692 corpore
1159 3625 1347 3692 fatiga-

284 3711 391 3756 tum
415 3703 650 3766 dicimus,
670 3705 841 3757 animo
862 3703 1071 3754 fessum.

344 3779 371 3822 ¹³
406 3781 595 3846 cereos]
636 3781 821 3831 Certus
863 3787 953 3830 aut
995 3780 1226 3829 velocem
1247 3777 1348 3842 sig·

283 3856 481 3920 nificat,
524 3866 617 3906 aut
636 3855 860 3920 fidelem,
892 3853 1165 3920 aliquando
1190 3853 1349 3903 etiam

285 3933 505 3994 firmum,
530 3941 583 3982 at
607 3934 681 3983 ait
704 3932 992 3996 Sallustius,
1030 3929 1174 3994 Apud
1198 3930 1350 3980 latera

285 4016 435 4064 certos
448 4011 657 4062 collocat.
720 4009 949 4062 Servius.

345 4085 361 4119 ¹
392 4085 703 4151 Hispaniam]
743 4086 1013 4136 Aunotant
1033 4083 1346 4135 Grammati-

287 4159 354 4225 ci,
374 4161 708 4220 Provinciam
746 4176 845 4230 pro
881 4161 1062 4216 Patria
1102 4159 1351 4227 positam,

1424 3108 1539 3144 cum
1563 3092 1744 3142 civitas
1767 3091 1980 3156 proprie
1999 3091 2068 3141 sit
2087 3089 2285 3141 Patria.

1488 3165 1513 3199 '¹
1544 3165 1731 3230 Lycioe]
1765 3166 1984 3216 Minoris
2031 3164 2175 3216 Asiae
2218 3163 2382 3230 regie,
2428 3163 2495 3215 ad

1423 3242 1892 3294 Mediterraneum.

1493 3317 1763 3382 [Pinum]
1798 3317 1996 3370 Cilicia}
2029 3317 2194 3384 regio,
2215 3317 2268 3368 iu
2300 3315 2498 3369 minore

1426 3394 1574 3447 Asia.
1637 3439 1642 3443 .

1493 3479 1529 3506 ¹¹¹
1561 3471 1918 3538 Pmontoria]
1951 3472 2084 3524 Sunt
2104 3471 2496 3538 monte⁸,quiin

1426 3563 1572 3598 mare
1591 3548 1878 3598 incurrunt.
1915 3550 2043 3600 Gau.
2086 3552 2204 3616 Cap.

1493 3633 1518 3659 ¹¹
1557 3625 1831 3689 Bruttium]
1864 3625 2093 3678 Inferius
2130 3633 2229 3694 est,
2259 3625 2326 3676 ad
2347 3625 2498 3676 meri-

1428 3703 1587 3765 diem,
1599 3703 1753 3767 juxta
1775 3701 2019 3754 Siciliam.

1489 3789 1514 3814 0
1544 3780 1862 3846 suenum]
1895 3780 2142 3846 Superius
2161 3785 2260 3841 est,
2282 3776 2349 3826 ad
2369 3775 2498 3842 Sep·

1426 3858 1755 3909 tentrionem.

1491 3940 1519 3975 ¹³
1553 3930 1818 3996 latr-onus]
1853 3931 1985 3982 Haec
2025 3927 2198 3993 Crispi
2226 3943 2342 3979 cum
2363 3927 2498 3978 citet

1425 4007 1656 4070 Servius,
1692 4014 1751 4057 ut
1774 4005 1964 4056 doceat
1979 4003 2283 4068 Bithyniam
2301 4002 2496 4053 dictam

1426 4096 1628 4146 quoque
1644 4095 1757 4131 esse
1780 4079 2098 4144 Bebriciam,
2113 4079 2360 4144 nullaque
2381 4079 2497 4144 ejus

1426 4159 1524 4223 rei,
1543 4159 1598 4212 iu
1619 4156 1911 4224 fragmento
1943 4154 2060 4222 hoc,
2095 4161 2244 4208 extet
2275 4155 2497 4219 mentio,

1345 4439 1464 4452 v‘Q—at
1571 4441 1644 4452 *ob-
