2930 4758
1119 266 1542 322 sAL-wsru.
1960 295 1963 301 -
2302 321 2320 330 ,.
2339 255 2426 327 13

221 420 376 484 ante
417 412 667 493 bellum
721 412 900 479 -ebiit
959 409 1340 491 Actiacum,
1388 416 1467 475 ut
1520 410 1697 477 idem
1750 410 1979 479 scribit
2032 414 2121 479 ad
2177 436 2423 485 annum

223 531 777 581 uncocoLxxx.
841 516 1293 579 'Doctissimus
1330 504 1782 601 Hieronymus
1809 514 2096 583 Wolfius
2120 522 2423 603 putabat,

220 637 466 683 nomen
511 620 656 702 ejus
687 618 973 700 simplici
1010 636 1052 681 L
1083 619 1283 684 scribi
1322 623 1655 699 oportere,
1704 617 1866 699 quia
1909 618 2015 681 vel
2060 640 2105 686 a
2150 622 2287 686 sale
2314 625 2423 700 sit,

223 725 336 787 vel
363 724 598 788 salute.
663 724 800 787 Sed
831 720 1026 804 ἔτυμον
1055 729 1408 807 utrumque
1438 726 1541 785 est
1559 722 1901 786 incertum.
1969 722 2055 786 Et
2082 744 2201 788 cur
2224 746 2427 795 non-a

223 826 366 889 sale
391 827 722 911 geminato
754 844 846 889 m.
877 844 1072 908 aeque
1110 844 1257 889 esse
1285 826 1519 907 possit,
1552 843 1632 889 ac
1664 824 2013 889 abeodem
2042 829 2220 895 venit
2245 828 2425 910 sallo,

222 926 400 990 unde
427 925 693 1004 sallitus,
721 946 843 1010 pro
871 926 1093 991 salso‘l
1171 924 1399 1003 Quare
1428 932 1615 1007 puto,
1646 944 1781 989 non
1809 927 2245 995 recedendum
2274 951 2429 999 esse

224 1048 272 1093 a
297 1030 482 1095 libris
511 1032 820 1114 antiquiS,
851 1036 1052 1111 atque
1090 1028 1662 1111 inscriptionibus,
1691 1027 1759 1089 in
1786 1029 2031 1111 quibus
2062 1048 2105 1093 1..
2138 1035 2431 1115 gemina*

221 1138 351 1197 tur.
439 1131 776 1197 Tribunus
819 1131 1038 1215 plebis
1079 1137 1247 1207 erat,
1277 1148 1410 1213 quo
1440 1150 1616 1194 anno
1646 1128 1923 1195 Clodius
1954 1148 1997 1195 a
2030 1133 2283 1201 Milone
2312 1156 2428 1203 oc-

221 1233 407 1301 cisus
453 1233 602 1311 fuit,
632 1238 798 1318 puta
839 1250 1014 1297 anno
1047 1250 1297 1309 neon„
1344 1254 1481 1316 quo
1533 1231 1657 1298 Cn.
1690 1233 2060 1319 Pompeius
2114 1234 2427 1319 Magnus,
2494 1288 2499 1292 -

223 1336 676 1420 compluribus
705 1336 1044 1401 mensibus
1072 1336 1300 1400 consul
1340 1335 1484 1399 sine
1529 1335 1790 1417 collega
1830 1336 1981 1403 fuit.
2064 1338 2431 1407 Tribmatu

221 1458 328 1517 ec,
363 1458 555 1523 quem
582 1438 762 1501 nulla
783 1455 941 1511 „cum
987 1436 1182 1500 laude
1213 1437 1439 1517 gessit,
1469 1441 1545 1500 ut
1574 1435 1901 1519 Ciceroni,
1948 1440 2042 1501 ita
2070 1446 2136 1504 et
2168 1440 2431 1523 Miloni,

221 1541 502 1605 infestus
555 1538 912 1603 admodum
964 1542 1134 1602 erat:
1180 1537 1382 1620 idque
1429 1538 1591 1619 quia
1632 1537 1702 1600 in
1745 1537 2041 1617 Faustae,
2090 1540 2172 1606 L.
2220 1541 2431 1609 Sullae

220 1642 402 1720 filiae,
433 1640 758 1705 adulterio
803 1638 1264 1721 deprehensuS,
1308 1637 1519 1719 virgis
1568 1657 1613 1701 a
1656 1636 1912 1705 Milone
1962 1646 2137 1705 esset
2180 1662 2429 1723 caesus,

218 1762 342 1808 nec
369 1745 500 1809 nisi
527 1743 816 1827 pecunia
844 1742 1005 1806 data
1033 1740 1376 1805 dimissus,
1471 1739 1737 1823 Nempe
1767 1740 1948 1805 istud
1973 1740 2053 1805 in*
2072 1763 2277 1812 causa
2304 1752 2429 1827 est,

215 1866 340 1911 cur
379 1844 726 1911 Clodianis
773 1865 1030 1930 semper
1079 1844 1404 1909 studuerit
1445 1842 1761 1909 adversus
1814 1843 2162 1911 Milonem.
2250 1846 2433 1915 Vide

229 1946 622 2027 pedianum,
647 1947 960 2025 Gellium,
991 1946 1320 2022 Servium,
1353 1945 1622 2009 Horatii
1648 1945 2062 2028 interpretes:
2099 1947 2257 2013 item
2282 1969 2433 2015 ora-

145 2098 152 2103 ·
219 2051 471 2115 tionem
517 2052 642 2115 sub
697 2049 1037 2115 Ciceronis
1087 2049 1346 2111 nomine
1382 2048 1530 2131 jam
1580 2043 1973 2128 AugustaeO,
2018 2048 2126 2113 vel
2174 2049 2434 2117 Tiberii

221 2172 400 2231 aevo,
429 2152 698 2219 editam.
787 2150 900 2215 Ex
943 2150 1184 2234 quibus
1227 2150 1430 2212 etiam
1474 2146 1821 2225 discimuS,
1850 2149 1939 2211 ob
1978 2150 2307 2220 adulteria
2342 2174 2433 2220 ac

221 2261 458 2338 stupra
486 2260 720 2319 senatu
749 2253 957 2318 fuisse
985 2255 1238 2317 motum
1267 2252 1352 2314 ab
1382 2248 1615 2333 Appio
1668 2246 1955 2313 Claudio
2004 2251 2314 2334 Pulchro,
2365 2262 2437 2323 et

221 2356 302 2422 L.
357 2353 760 2441 Calphurnio
813 2354 1062 2420 Pisone
1110 2352 1423 2418 Caesonio
1472 2349 1664 2414 Coss.
1711 2370 1950 2436 nempe
2001 2369 2171 2419 anno
2222 2354 2433 2424 Urbis

223 2475 510 2536 necui„
531 2460 678 2523 sive
696 2461 900 2542 juxta
925 2458 1092 2522 alios
1113 2473 1390 2520 neom-2
1425 2474 1562 2538 quo
1583 2454 1887 2517 consules
1914 2463 2097 2520 erant
2116 2456 2195 2520 L.
2218 2457 2433 2523 AEmi-

218 2560 350 2624 lius
381 2559 662 2624 Paullus
690 2565 755 2624 et
786 2559 866 2624 C.
899 2556 1224 2622 Claudius
1254 2555 1639 2626 Marcellus.
1714 2553 1881 2636 Ejus
1910 2574 1949 2620 e
1980 2555 2229 2622 Senatu
2256 2558 2433 2642 ejec-

221 2661 420 2727 tionis
470 2661 764 2725 meminit
811 2665 880 2724 et
931 2659 1068 2722 Dio
1120 2657 1238 2721 lib.
1271 2673 1400 2722 xn.
1490 2654 1599 2719 Ac
1649 2675 1733 2720 ne
1785 2656 1991 2724 alium
2042 2657 2433 2728 Sallustium

221 2763 474 2846 signari
535 2766 756 2845 putes,
818 2761 996 2835 clare
1051 2760 1150 2823 ait
1192 2758 1276 2822 -id
1333 2759 1690 2841 contigisse
1744 2758 2106 2844 Σαλούστιῳ,
2174 2767 2260 2848 τῷ
2331 2766 2433 2842 τὴν

221 2863 474 2950 ἴστορίαν
515 2861 949 2948 συγγράψαντι.
1068 2862 1172 2926 Eo
1226 2880 1399 2938 anno
1459 2859 1631 2925 Milo
1664 2860 1811 2944 jam
1854 2863 2205 2929 exulabat-t
2257 2866 2433 2932 unde

223 2967 671 3050 consequitur,
716 2965 897 3049 quod
945 2985 988 3028 a
1032 2963 1286 3028 Milone
1337 2963 1637 3038 Tribuno
1668 2964 1762 3046 pl.
1806 2964 2009 3045 virgis
2054 2984 2301 3033 caesum
2328 2969 2431 3033 di-

223 3069 564 3145 cebamuS,
593 3068 668 3131 id·
689 3072 888 3132 antea
913 3067 1303 3148 contigisse3
1347 3085 1487 3131 non
1514 3085 1715 3149 eopse
1746 3085 1941 3143 anno,
1968 3071 2043 3130 ut
2076 3070 2185 3137 'vir
2213 3069 2436 3134 erudi-

223 3176 328 3234 tus
365 3170 680 3253 putabat.
769 3167 993 3232 Etiam
1021 3167 1337 3232 discimus
1380 3167 1617 3232 iisdem
1660 3187 1747 3230 ex
1794 3169 2249 3250 scriptoribus,
2278 3189 2321 3234 a
2350 3169 2431 3238 C.

221 3270 264 3336 J
267 3271 406 3336 ulio
437 3268 733 3347 Caesare,
759 3289 972 3334 rernm
998 3270 1238 3352 potito,
1269 3269 1657 3352 dignitatem
1700 3268 2116 3337 Senatorium
2154 3290 2433 3356 recupe-

222 3393 431 3451 rasse,
489 3376 1024 3455 quaestoremque
1080 3358 1355 3450 factum,
1405 3376 1476 3436 et
1528 3375 1769 3454 postea
1819 3371 2021 3436 etiam
2073 3377 2435 3455 praeturam

227 3474 616 3540 obtinuisse.
690 3471 1020 3536 Praeturae
1049 3473 1442 3537 mentionem
1472 3492 1742 3556 quoque
1768 3474 2033 3538 invenio
2062 3473 2242 3558 apud
2274 3475 2434 3541 Hir-

223 3577 388 3640 tium
410 3593 607 3658 paene
635 3573 820 3638 initio
859 3571 1010 3634 libri
1047 3573 1145 3634 ‘be
1190 3573 1364 3636 bello
1395 3571 1763 3637 Africano:
1811 3578 1831 3607 ‘
1858 3575 2027 3638 Item
2073 3574 2154 3640 C.
2185 3575 2435 3642 Sallus-

225 3678 390 3742 tium
421 3673 734 3756 Crispum
759 3680 1113 3759 praetorem
1141 3672 1228 3761 ad
1259 3671 1605 3750 Cercinam
1636 3676 1919 3754 insulam
1948 3697 2199 3756 ver-sm,
2230 3697 2435 3761 quam

228 3777 595 3842 adversarii
623 3776 956 3852 tenebant,
990 3795 1140 3839 cum
1164 3780 1360 3857 ,parte
1404 3777 1679 3840 navium
1721 3779 1815 3840 ire
1851 3779 2071 3862 jubet;
2115 3779 2295 3863 quod
2336 3779 2435 3844 ibi

227 3898 530 3962 magnum
583 3898 924 3941 numerum
978 3877 1282 3942 frumenti
1347 3897 1497 3941 esse
1554 3879 1907 3944 audiebat!
2022 3881 2197 3944 Item
2254 3879 2433 3964 apud

231 3979 513 4044 Dionem
538 3980 656 4044 lib.
689 3997 879 4044 xml.
911 3979 994 4042 de
1042 3979 1168 4044 hoc
1213 3979 1365 4063 ipso
1410 3981 1627 4063 legas:
1678 3982 2019 4067 Στρατηγός
2047 3986 2164 4066 γὰρ
2216 3981 2303 4044 ἐπὶ
2342 3985 2431 4066 τῷ

231 4075 326 4160 τὴν
369 4078 582 4162 βουλήν
615 4083 935 4162 ἀναλαβεῖν
973 4077 1342 4148 ἀπεδέδεικτο.
1432 4082 1682 4151 Narrat
1728 4085 1997 4164 ibidem,
2034 4090 2119 4150 ‘ut
2164 4103 2316 4150 oum
2358 4083 2435 4151 iu.
