2930 4758
361 247 498 313 314:

368 406 757 487 serviturum
784 424 960 483 esse,
988 392 1107 489 per
1144 404 1576 471 Nicomedem
1621 406 1800 471 bello
1839 406 2362 489 lacessiverunt3
2427 424 2577 473 sce-

364 510 521 573 ler-is
566 528 793 573 eorum
838 508 1014 571 haud
1058 509 1383 589 ignarum,
1432 514 1504 576 et
1541 528 1647 587 ea,
1688 529 1842 591 quae
1889 509 2220 586 accidere,
2257 516 2578 577 testatum

364 616 581 686 antea,
614 608 979 683 Cretenses³
1006 610 1189 676 solos
1218 610 1506 674 omnium
1536 611 1784 674 liberos
1830 630 1915 675 ea
1939 614 2358 694 tempestate,
2385 616 2451 675 et
2477 632 2580 676 re-

364 732 512 795 gem
558 710 1043 777 Ptolemaeum.t
1124 709 1349 795 Atque
1388 731 1516 793 ego
1563 713 1744 776 ultus
1784 711 2085 795 injurias,
2139 711 2577 780 Nicomedem

364 812 677 897 Bithynia
704 814 979 897 expuli3
1024 811 1393 897 Asiamque
1422 814 1741 897 spolium¹²
1771 814 1945 896 regis
1973 812 2293 878 Antiochi
2321 816 2573 898 recepi,

364 920 430 977 et
456 914 747 980 Graeciae
772 914 983 979 demsi
1014 921 1217 997 grave
1238 915 1634 979 servitium*
1723 913 2004 997 Incepta
2026 934 2178 979 mea
2203 920 2578 998 postremus

364 1034 701 1091 servorum
740 1016 1165 1095 Archelaus,’¹
1210 1018 1507 1081 exercitu
1549 1017 1840 1101 prodito,
1878 1018 2259 1103 impedivit:
2316 1018 2575 1101 illique,

366 1137 535 1201 quos
566 1119 833 1201 ignavia
884 1123 998 1182 aut
1047 1136 1259 1200 prava
1288 1117 1674 1196 calliditas:
1716 1120 1816 1183 uti
1854 1119 2032 1182 meis
2060 1118 2426 1184 laboribusb
2453 1123 2578 1185 tuti

364 1223 607 1296 essent,
640 1220 839 1283 armis
866 1220 1199 1295 abstinuit,
1230 1219 1700 1285 acerbissimas
1728 1239 1969 1303 poenas
1999 1219 2267 1285 solvunt
2287 1230 2346 1284 τ’·
2417 1219 2582 1285 Pto-

1066 264 1132 315 Q.
1178 262 1423 311 clusm
1475 260 1872 313 SAL-Lvswn

250 1302 253 1307 ’
356 1320 641 1387 lemaeus
684 1321 900 1402 pretio
946 1318 1147 1399 [dies]
1192 1319 1435 1383 bellum
1477 1321 1815 1403 prolatans
1835 1331 1883 1401 3'·
1937 1318 2284 1385 Cretenses
2313 1323 2578 1405 impug-

363 1423 501 1487 nati
530 1421 733 1486 semel
740 1423 905 1507 jam,
923 1441 1135 1504 neque
1158 1422 1379 1499 finem,
1400 1422 1553 1485 nisic
1581 1422 1872 1500 excidio,
1893 1423 2206 1487 habituri.
2253 1422 2578 1507 Equidem

366 1542 519 1587 cum
564 1524 729 1587 mihi
770 1524 857 1587 ob
903 1521 1223 1606 ipsorum‘¹
1278 1524 1530 1587 interna
1579 1524 1760 1587 mala
1803 1522 2012 1588 dilata
2055 1524 2290 1607 praelia
2328 1528 2576 1609 magis,

366 1644 569 1707 quam
617 1644 856 1708 pacem
903 1624 1123 1689 datam
1171 1624 1637 1707 intelligerem3
1715 1626 2038 1691 abnuente
2089 1625 2402 1709 Tigrane,
2460 1629 2580 1711 qui

364 1746 517 1791 mea
546 1725 731 1791 dicta
758 1745 907 1789 sero
946 1728 1204 1808 prohat,
1247 1729 1315 1788 te
1357 1731 1612 1790 remoto
1655 1728 1912 1810 procul,
1945 1727 2250 1792 omnibus
2280 1729 2434 1793 aliis
2458 1730 2580 1793 ob-

364 1829 639 1904 noxiiS,⁸
697 1847 929 1891 rursus
975 1832 1193 1891 tamen
1247 1826 1496 1891 bellum
1546 1828 1735 1911 cepi:
1815 1827 2258 1915 Marcumque
2308 1828 2578 1897 Cottam

366 1927 749 1993 Romanum
777 1928 1013 1992 ducem
1046 1928 1229 2011 apud
1280 1925 1730 1993 Chalcedonaf
1752 1935 1924 1995 terra
1961 1930 2142 1997 fudi:
2207 1932 2374 1995 mari
2395 1933 2580 1999 ,exui

426 2144 465 2169 ¹⁰⁸
488 2138 647 2188 Erilli
666 2154 781 2201 qnos
798 2140 1013 2201 mavia,
1044 2145 1127 2189 aut
1153 2156 1303 2205 prava
1319 2142 1562 2193 calliditas
1579 2146 1757 2195 avertit
1790 2145 1850 2195 ab
1871 2146 2038 2211 amis,
2065 2152 2122 2198 ut
2159 2149 2258 2197 tuta·
2291 2152 2442 2199 essm
2459 2148 2580 2197 meis

364 2201 619 2265 labor-ibus,
634 2205 820 2253 solvunt
832 2219 994 2267 poew
1008 2206 1346 2257 acerbissimas.

428 2274 457 2299 ¹⁸
477 2267 763 2317 Ptolemaeus
777 2268 964 2332 profert
985 2270 1111 2319 diem
1134 2270 1243 2320 belli
1258 2276 1475 2333 mgento.

1364 2419 1578 2472 NOTAE

429 2547 448 2572 ⁰
475 2543 746 2606 Cretenses]
800 2545 978 2608 Creta,
1016 2545 1173 2597 hodie
1234 2548 1433 2610 Gaudia,
1515 2552 1732 2602 invadit.

364 2615 743 2666 Mediterranei
770 2619 936 2668 insula
957 2621 1261 2684 notissima3
1292 2624 1431 2673 unde
1575 2627 1601 2663 ὓ
1625 2628 1714 2678 Uti
1731 2629 1850 2678 meis
1869 2627 2130 2692 laboribus]
2161 2628 2294 2679 Aliis
2314 2629 2522 2693 regibus
2547 2643 2580 2679 a

360 2689 659 2739 Cretenses·
1511 2703 1754 2752 Romanis
1789 2703 1920 2753 nihil
1949 2702 2109 2753 fuisse
2147 2705 2478 2754 metuendum
2502 2705 2580 2754 in-

430 2767 446 2796 t
469 2765 797 2829 Ptolemoeum]
835 2767 951 2816 Rex
970 2766 1073 2818 fuit
1090 2771 1325 2835 AEgypti.

430 2845 453 2871 θ
476 2839 711 2904 Spolium]
746 2841 808 2890 Id
826 2852 923 2900 est,
939 2858 1051 2892 eam
1070 2844 1207 2894 Asiae
1227 2854 1429 2910 partem

364 2930 469 2980 qua
498 2915 784 2966 Antiochus
824 2933 855 2966 a
895 2918 1145 2970 Romanis
1178 2922 1430 2986 spoliatus

363 2989 555 3041 fuerat.

426 3073 453 3100 x
468 3067 754 3131 Ser-vitium]
789 3067 907 3121 Quo
924 3072 1259 3135 premebatur
1275 3089 1306 3125 a
1326 3077 1429 3126 Ro-

363 3161 543 3196 manis.

424 3231 445 3256 ²
464 3223 743 3286 Archelaus]
776 3224 925 3274 Unus
942 3224 1043 3275 fuit
1062 3242 1127 3275 ex
1152 3227 1432 3282 Mithrida·

364 3297 433 3347 tis
466 3299 703 3368 ducibus,
722 3315 876 3365 quem
896 3300 1097 3364 ingenti
1121 3304 1429 3356 instructum

362 3374 614 3434 exercitu,
631 3389 792 3436 parva
810 3390 962 3424 manu
976 3378 1121 3440 Sylla
1132 3379 1269 3442 apud
1283 3382 1429 3440 Chaz-

363 3463 573 3498 roneam
595 3450 803 3500 cecidit.

428 3530 453 3556 ⁸
464 3524 625 3571 Prava
638 3524 896 3589 calliditas]
926 3527 1009 3575 De
1027 3527 1090 3576 iis
1099 3529 1330 3593 loquitur
1339 3533 1431 3597 qni

360 3599 548 3662 ipsum,
573 3599 814 3661 quamdiu
852 3614 979 3662 opes
1022 3617 1137 3652 suas
1175 3605 1423 3656 adversus

362 3667 617 3724 Romanos
664 3678 981 3735 contereret,
1033 3677 1196 3739 quieti
1246 3694 1425 3730 cerne-

360 3747 495 3810 rent,
516 3754 608 3796 aut
632 3762 695 3796 eo
714 3747 870 3796 etiam
886 3759 1213 3812 augerentur.
1248 3755 1423 3806 Prava

360 3834 442 3876 est
482 3824 721 3890 profecto
756 3839 821 3874 ea
855 3825 1142 3889 calliditas3
1190 3845 1309 3883 nam
1332 3834 1420 3884 ille

360 3905 449 3970 qui
470 3905 734 3969 potentior
758 3910 853 3968 est,
876 3912 1148 3969 postquam
1172 3909 1305 3960 hunc
1330 3919 1422 3963 aut

358 3981 507 4031 illum
537 3980 675 4030 bello
698 3981 943 4030 minorem
966 3987 1240 4049 oppressit,
1261 3989 1423 4042 victo-

361 4058 439 4108 ria
460 4063 629 4123 utens,
645 4056 791 4124 alios,
813 4062 1005 4126 majore
1028 4064 1183 4114 etiam
1206 4065 1425 4132 impetu,

1509 2781 1645 2844 nuit,
1680 2781 1850 2844 ipsum
1884 2781 1932 2831 si
1957 2781 2224 2832 levissimis
2267 2782 2468 2834 auxiliis
2491 2783 2582 2834 ad-

1503 2855 1784 2920 juvissent.
2049 2919 2054 2925 q

1574 2939 1596 2964 ⁰
1617 2933 1755 2997 Nisi]
1825 2933 2006 2984 Isthuc
2047 2935 2317 2986 confirmat
2363 2936 2580 2998 Flon183

1511 3009 1772 3057 Romanos
1797 3009 1935 3058 enim
1969 3007 2185 3072 fatetur,
2221 3012 2332 3060 sola
2352 3011 2580 3062 nobilem

1509 3083 1728 3133 insulam
1767 3083 2008 3136 vincendi
2045 3087 2350 3152 eupiditate,
2383 3088 2579 3140 bellum

1513 3160 1776 3210 Creticum
1799 3159 2008 3212 fecisse.

1576 3234 1602 3269 ἆ
1621 3237 1859 3300 Ipsorum]
1915 3238 2265 3288 Romanorum.-
2313 3255 2431 3290 nam
2470 3239 2580 3292 bel-

1507 3313 1611 3362 lum
1657 3312 2072 3364 Mithridaticum
2107 3315 2208 3365 illis
2252 3316 2578 3380 temporibus

1508 3395 1712 3452 gestum
1730 3398 1828 3451 est,
1850 3389 2036 3455 quibus
2070 3390 2392 3455 Respublica
2413 3385 2581 3443 civili-

1509 3464 1603 3514 bus
1629 3467 1803 3528 armis,
1841 3467 2061 3516 maxime
2085 3483 2180 3532 per
2203 3470 2446 3533 Marium,
2459 3470 2581 3534 syl·

1505 3542 1626 3604 lam,
1647 3542 1952 3606 Sertorium,
1973 3543 2208 3610 aliosque
2241 3545 2592 3606 conflictaba-⁴

1506 3623 1610 3667 tur.
2217 3669 2226 3674 -

1569 3697 1592 3724 θ
1611 3690 1739 3741 Auia
1757 3692 1992 3758 obnoxiis]
2040 3695 2106 3744 Id
2141 3701 2242 3759 est,
2270 3711 2375 3746 sese
2397 3697 2576 3748 Roma-

1507 3782 1670 3815 norum
1687 3767 1885 3832 imperio
1902 3769 2300 3821 mittentibus.

1573 3839 1596 3872 f
1615 3843 1932 3911 Chalcedona]
1967 3843 2286 3910 Chalcedon,
2302 3848 2464 3896 velut
2485 3848 2578 3898 alii

1508 3917 1745 3969 scribunt
1765 3920 2079 3984 Calchedon,
2100 3921 2224 3972 urbs
2239 3930 2326 3976 est
2345 3923 2584 3978 Anatim

1507 3993 1572 4044 ad
1588 3995 1910 4061 Bosphorum
1925 3993 2180 4050 Thraeiae.
