2930 4758
419 238 465 304 2
1247 228 1258 239 '
1308 252 1691 301 EmsroLA.

418 402 674 488 plexio,
702 416 921 484 neque
957 399 1327 464 fabularum
1372 398 1717 464 involucra
1744 398 1902 461 Tibi
1932 392 2195 461 obicem
2233 402 2618 481 opponunt:

421 507 576 591 quin
625 524 900 589 gemmae
943 521 1138 567 novae
1183 500 1619 579 efflorescunt,
1654 519 1807 564 cum
1836 497 1943 562 Tu
1972 498 2271 563 sentibus
2297 499 2445 563 istis
2473 518 2618 563 ma-

419 628 576 673 num
605 606 955 671 admoves:
1011 603 1246 667 decore
1276 606 1390 666 tuo
1437 600 1637 665 Vatis
1682 602 2074 683 elegantiam
2101 600 2390 684 quodam
2421 602 2619 685 qnasi

417 710 670 792 fulgore
711 704 1095 772 collustras!
1161 702 1396 786 Itaque
1443 722 1577 767 non
1626 724 1733 767 me
1786 702 2085 767 cohibuit
2138 702 2207 765 in
2256 702 2617 766 enodandis

421 810 920 877 difficultatibus
949 810 1225 873 conatus
1252 806 1351 875 tui
1381 805 1675 882 solertia,
1706 824 1841 869 non
1868 805 2006 880 loci
2036 806 2382 869 sanctitas.
2466 804 2617 868 Stu-

418 912 620 997 pidus
667 910 1062 986 exclamavi,
1113 927 1270 971 num
1316 904 1422 971 Tu
1476 906 1913 990 quadraginta
1953 906 2102 970 illos
2128 926 2388 984 versus,
2437 908 2618 984 (nam

363 998 366 1001 ⁴
421 1020 520 1081 tot
573 1034 682 1078 me
735 1016 1064 1097 praesente
1111 1006 1537 1093 explicuisti)
1586 1014 1745 1073 tunc
1790 1010 2005 1093 primo
2062 1009 2325 1090 legeres.
2414 1006 2619 1086 Quod

422 1116 690 1201 quidem
716 1133 847 1178 non
883 1114 1072 1197 prius
1097 1114 1269 1177 mihi
1290 1112 1415 1177 fuit
1449 1112 1929 1188 confirmatum,
1962 1129 2164 1193 quam
2192 1110 2618 1175 temeritatem

415 1238 656 1295 meam,
695 1218 839 1301 jam
869 1215 1032 1279 satis
1081 1234 1150 1278 re
1195 1215 1348 1298 ipsa
1377 1215 1777 1291 damnatam,
1808 1212 1990 1297 apud
2034 1212 2135 1275 Te
2176 1211 2393 1275 verbis
2433 1214 2617 1297 coepi

422 1316 759 1385 aceusarc.
849 1316 1028 1381 Meae
1077 1316 1274 1397 igitur
1323 1315 1663 1380 tenuitatis
1711 1314 2020 1378 conscius
2062 1314 2133 1377 in
2175 1332 2256 1376 eo
2288 1315 2620 1379 constitis-

421 1440 585 1496 sem,
616 1419 748 1482 nisi
777 1438 904 1495 me,
932 1422 999 1480 et
1025 1417 1402 1497 benignitas
1443 1422 1583 1493 tua,
1612 1420 1679 1479 et
1706 1414 2142 1484 Illustrissimi
2172 1416 2619 1483 Moderatoris

375 1562 378 1565 -
422 1523 519 1586 tui
564 1520 941 1585 humanitas
982 1522 1454 1582 sustentasset:
1520 1536 1651 1581 non
1701 1517 1871 1580 enim
1911 1518 2079 1601 jam,
2114 1522 2202 1603 'ut
2234 1518 2346 1581 ille
2376 1538 2619 1602 oppor-

421 1628 576 1687 tune
622 1620 1030 1697 submonuit,
1077 1619 1234 1683 Tibi
1264 1618 1653 1684 exhibentur
1698 1616 2303 1681 animadversiones
2338 1627 2617 1697 ··nostrae,

421 1744 536 1789 eas
565 1712 866 1805 ut'legaS,
914 1720 1031 1784 sed
1070 1725 1144 1783 ut
1193 1720 1505 1801 corrigas,
1602 1718 1929 1781 Nimirum
1971 1718 2218 1783 laboris
2257 1722 2354 1783 tui
2402 1722 2619 1785 minu-

419 1825 569 1887 endi
600 1844 827 1900 causa,
847 1820 1261 1887 adornandas
1290 1826 1637 1886 curaverat
1664 1820 2194 1903 sapientissimus
2224 1822 2389 1886 Dux
2420 1823 2621 1889 Mon-

418 1926 789 2005 tauserius;
856 1925 975 1989 sed
1020 1922 1386 1987 incredibili
1425 1929 1542 1987 tua
1588 1924 1925 1988 alacritate
1956 1943 2193 2009 aspera
2220 1926 2442 1989 omnia
2471 1948 2621 2011 per-

418 2027 694 2105 vasisti;
741 2026 1037 2089 omnium
1067 2026 1598 2107 expectationem
1622 2024 2037 2090 antevenisti.
2128 2024 2384 2109 Itaque,
2421 2028 2622 2094 DEL-

422 2144 658 2193 Pm-m:
725 2127 1264 2203 SERENISSIME,
1337 2126 1545 2191 offero
1616 2126 1772 2191 Tibi
1828 2126 2243 2206 Sallustium,
2300 2122 2623 2197 Antorem

422 2228 717 2312 profecto
759 2228 1101 2305 eximium,
1155 2247 1292 2311 qua
1339 2228 1529 2313 potui
1580 2226 1909 2311 equidem,
1955 2228 2258 2293 maxima
2292 2250 2448 2295 cum
2474 2232 2625 2300 dili-

421 2329 643 2412 gentia
696 2330 1134 2410 elucidatum3
1226 2330 1350 2395 sed.
1423 2348 1505 2394 eo
1564 2334 1818 2394 tantum
1872 2328 2021 2408 fine,
2071 2336 2149 2396 ut
2199 2336 2625 2404 reverentiam

419 2452 658 2517 meam,
687 2438 756 2496 et
782 2431 1144 2496 advorsum
1167 2431 1267 2498 Te
1296 2432 1546 2496 cultum
1573 2435 1887 2495 testatum
1912 2431 2179 2498 faciam.
2254 2433 2627 2504 Consilium

417 2533 546 2600 fuit
595 2533 804 2616 Regis
852 2539 928 2598 ut
995 2532 1284 2598 Gallicae
1320 2533 1655 2618 juventuti
1705 2551 1837 2614 non
1890 2536 2069 2598 omni
2120 2536 2320 2602 modo
2378 2538 2623 2604 virtute

421 2634 822 2719 praeluceres
849 2656 867 2714 3
911 2636 1115 2698 sedet
1141 2634 1239 2697 illi
1268 2633 1518 2697 Patriae
1545 2632 1746 2698 Pater
1769 2634 1999 2710 voluit,
2030 2639 2103 2701 ut
2130 2637 2369 2700 eadem.
2389 2657 2621 2723 prope,

423 2737 670 2823 quibus
709 2755 872 2814 usus
914 2735 1142 2813 fueriS,
1188 2735 1535 2820 sapientiae
1579 2735 2015 2799 instrumenta
2057 2737 2627 2822 henignepraebe-

420 2854 544 2902 res·
634 2836 832 2906 Prius
882 2837 1049 2901 illud
1078 2836 1228 2920 jam
1274 2836 1388 2900 diu
1440 2837 1537 2900 ita
1579 2836 1961 2920 implevisti,
2008 2842 2103 2915 ut,
2146 2840 2291 2902 nisi.
2320 2841 2420 2904 Te
2450 2861 2627 2916 cres-,-

423 2943 674 3003 centem
715 2939 1088 3003 videremus
1093 2987 1113 3018 ,
1165 2939 1526 3022 nequidem
1568 2939 1827 3022 majora
1872 2945 2415 3023 expectaremus:
2464 2946 2627 3027 quin

421 3042 521 3108 ita
565 3061 638 3106 es
683 3042 1039 3124 ingreSSUS,
1086 3045 1162 3104 ut
1199 3041 1421 3122 magni
1450 3039 1647 3104 Illius
1678 3040 1773 3102 tui
1825 3037 2131 3104 Parentis
2162 3048 2325 3106 vota
2352 3063 2627 3126 aequare

431 3127 735 3208 videaris.
820 3139 1124 3206 Alterum
1161 3147 1467 3225 superest
1513 3141 1630 3203 ubi
1656 3140 1845 3204 nutui
1871 3159 1952 3204 ac
1986 3141 2257 3206 arbitrio
2287 3149 2403 3208 tuo
2431 3146 2629 3212 obse-

425 3229 852 3326 quentissime
899 3245 1278 3320 servienteS,
1307 3243 1726 3326 propositum
1749 3246 1936 3304 tuum
1968 3240 2195 3326 aliq-ua
2220 3246 2473 3310 ratione
2505 3249 2627 3312 ad·-

412 3345 648 3428 juvare
679 3345 1058 3410 audeamus.
1146 3345 1250 3408 Eo
1280 3365 1437 3408 vero
1465 3363 1619 3408 mea
1650 3348 1809 3408 vota
1850 3347 2191 3426 spectant3
2238 3353 2327 3423 et,
2365 3348 2425 3410 si
2466 3366 2626 3424 ocu:

421 3447 506 3510 lis
553 3433 685 3510 tuis
729 3445 938 3510 hocce
985 3447 1384 3532 opusculum
1431 3446 1764 3509 illustram
1811 3465 1947 3514 non,
1981 3445 2371 3529 dedignatus
2395 3449 2626 3531 fueris,

422 3555 565 3612 tum
612 3548 872 3612 demum
921 3569 1028 3612 me
1073 3549 1270 3615 facile
1313 3548 1606 3623 beatum,
1655 3551 1723 3610 et
1750 3547 1961 3628 gloria
1984 3551 2389 3617 cumulatum
2418 3553 2629 3618 credi-

423 3649 602 3716 dero,
691 3649 851 3714 Non
899 3650 1200 3733 equidem
1247 3669 1368 3731 per
1411 3649 1643 3743 omnia
1688 3649 2057 3732 penetravit
2082 3649 2360 3734 Crispus
2390 3653 2631 3730 Ponti<

423 3770 538 3816 ces
581 3751 912 3834 mysteria,
960 3752 1201 3833 quibus
1257 3749 1411 3814 Rex
1457 3749 1655 3814 hodie
1694 3752 2040 3816 attonitum
2079 3754 2305 3817 orbem
2354 3756 2627 3833 retinet:

424 3856 495 3918 at
519 3871 733 3937 neque
761 3872 985 3917 omnes
1015 3851 1283 3936 Aquilae
1327 3853 1571 3916 habent
1614 3855 1869 3932 oculoS‚
1900 3854 2017 3936 qui
2050 3854 2241 3918 illum
2272 3857 2627 3938 aspiciant.

423 3953 554 4030 Tu,
587 3953 704 4038 qui
749 3971 1062 4033 magnum
1091 3973 1164 4016 es
1195 3954 1338 4036 ejus
1381 3953 1873 4032 incrementum,
1922 3956 2107 4020 illum
2142 3957 2531 4036 intueberis,
2548 3960 2629 4032 il-

421 4053 563 4134 lum
594 4054 845 4134 audies,
862 4053 1050 4118 *illius
1092 4052 1375 4138 denique
1413 4055 1595 4120 facta
1638 4057 2041 4122 scrutaberis
2056 4077 2082 4140 ς,
2120 4059 2313 4143 cujus
2342 4060 2449 4132 vel
2476 4061 2631 4126 sola
