2930 4758
400 259 533 325 363
836 314 853 320 -
1252 268 1556 321 nucum
1565 268 1745 319 Ario

402 423 478 487 et
500 418 641 483 vitu
664 416 1074 500 integerrime
1114 420 1287 481 acta.
1377 413 1596 493 Quasi
1635 430 1798 480 vero
1843 416 1918 477 tu
1963 410 2060 475 sis
2109 408 2198 475 ab
2244 408 2380 473 iliis
2419 406 2607 485 viris,

322 584 327 587 ,
404 515 705 597 Sallusti,
734 522 943 583 ortus.
1032 515 1238 595 Quod
1266 517 1329 581 si
1356 536 1580 595 esses3
1621 512 1972 577 nonnullos
1992 512 2140 595 jam
2165 516 2302 577 tuae
2323 510 2609 594 turpitu-

402 620 575 685 dinis
602 618 876 703 pigeret.
932 616 1077 701 Ego
1098 618 1267 683 meis
1285 618 1654 702 majoribus
1679 616 1920 679 virtute
1945 631 2100 677 mea
2121 613 2456 697 praeluxi3
2471 611 2606 689 uti,

402 722 463 789 si
490 721 679 805 prius
721 722 860 785 noti
904 740 1034 785 nou
1076 720 1341 797 fuerint,
1382 738 1425 783 a
1470 738 1576 782 me
1617 717 1956 800 accipiant
1979 715 2236 781 initium
2261 714 2605 792 memoriae

402 842 587 889 suae:
630 828 703 889 tu
750 821 885 887 tuis
928 823 1092 900 vita,
1146 841 1351 906 quam
1400 821 1679 905 turpiter
1725 820 1945 902 egisti,
1983 834 2261 901 magnas
2311 814 2611 881 offudisti

402 926 745 1005 tenebras3
789 929 864 1001 ut
890 924 1119 1001 etium,
1146 924 1209 989 si
1233 922 1472 987 fuerint
1508 922 1756 1005 egregii
1783 922 1991 997 civeS,
2019 924 2192 984 certe
2222 918 2516 984 venerint
2539 916 2613 980 in

402 1026 819 1095 oblivionem.
894 1024 1123 1104 Quare
1148 1025 1283 1089 noli
1310 1023 1472 1087 mihi
1503 1022 1814 1106 antiquos
1845 1022 2026 1084 viros
2057 1021 2410 1106 objectare.
2485 1018 2613 1083 Su-

402 1130 541 1195 tius
570 1135 674 1194 est
700 1128 902 1204 enim,
926 1146 1035 1190 me
1081 1127 1249 1191 meis
1294 1126 1492 1189 rebus
1537 1126 1742 1208 gestis
1760 1126 2021 1201 florere,
2053 1133 2252 1207 quam
2283 1121 2614 1206 majorum

402 1229 717 1313 opinione
747 1230 891 1305 niti,
920 1234 991 1293 et
1033 1229 1133 1293 ita
1160 1228 1411 1305 vivere,
1430 1232 1506 1293 ut
1533 1246 1658 1310 ego
1697 1228 1824 1291 sim
1859 1226 2141 1311 posteris
2181 1225 2350 1289 meis
2375 1222 2612 1290 nobili-

401 1331 559 1397 tatis
588 1331 869 1406 initium,
892 1335 961 1393 et
986 1328 1253 1393 virtutis
1278 1328 1678 1413 exemplum.
1752 1326 1994 1409 Neque
2021 1346 2126 1391 me
2153 1344 2311 1390 cum
2333 1325 2420 1389 iis
2449 1344 2610 1390 con·

368 1423 557 1497 -ferri
586 1432 799 1507 decet,
831 1431 914 1496 P.
945 1428 1030 1495 C.
1060 1428 1337 1514 quijam
1364 1430 1806 1507 decesserunt,
1838 1430 2148 1513 omnique
2178 1427 2334 1492 odio
2361 1431 2613 1505 curent,

401 1538 471 1599 et
492 1532 787 1612 invidia3
835 1532 953 1599 sed
982 1551 1133 1595 cum
1162 1532 1269 1609 iis,
1300 1531 1415 1615 qui
1452 1550 1715 1595 mecum
1755 1548 1888 1595 una
1909 1532 1978 1595 in
2004 1529 2348 1613 republica
2371 1530 2614 1593 versuti

402 1640 609 1701 sunt.⁵
665 1634 801 1700 Sed
838 1636 899 1700 si
942 1634 1178 1699 fuerim
1206 1641 1323 1699 aut
1354 1634 1424 1698 in
1453 1631 2142 1716 honoribus-petendis
2167 1631 2370 1695 nimis
2401 1630 2614 1695 ambi-'-

403 1736 653 1819 tiosus3
694 1741 877 1815 (nou
913 1737 1082 1801 hunc
1127 1736 1283 1800 dico
1328 1735 1722 1819 popularem
1771 1734 2221 1812 ambitionem,
2265 1734 2460 1818 cujus
2507 1750 2613 1796 me

402 1838 777 1923 principem
816 1838 1154 1915 confiteor,
1213 1838 1333 1901 sed
1388 1838 1572 1900 illam
1621 1838 2065 1917 perniciosam
2125 1839 2354 1899 contra
2405 1834 2610 1917 leges,

406 1941 599 2022 cujus
634 1942 903 2019 primos-
936 1935 1199 1999 ordines
1236 1935 1598 2015 Sallustius
1639 1934 1864 2019 duxit)
1907 1942 2022 2001 aut
2047 1938 2117 1999 in
2146 1935 2444 2019 gerendis
2469 1953 2614 1998 ma-

402 2036 819 2118 gistratibus,
850 2039 1059 2103 autin
1096 2036 1518 2101 vindicandis
1560 2036 1906 2103 maleficiis
1951 2043 2088 2101 tam
2135 2056 2448 2118 severus;
2493 2041 2616 2102 aut

402 2138 471 2201 in
497 2136 740 2203 tuenda
780 2138 1125 2222 republica
1170 2142 1309 2203 tam
1335 2140 1656 2221 vigilans3
1705 2137 1936 2223 quum¹¹
1963 2144 2034 2204 tu
2059 2140 2613 2223 proscriptionem

402 2259 647 2305 vocas:
696 2239 917 2317 credo,
950 2241 1132 2324 quod
1160 2260 1294 2305 non
1322 2260 1552 2305 omnes
1581 2242 1680 2305 tui
1707 2242 1960 2307 similes
1996 2240 2456 2305 incolumesin
2483 2240 2614 2305 hac

402 2340 563 2417 urbe
590 2341 941 2409 vixissent.
1004 2338 1100 2404 At
1138 2347 1389 2425 quanto
1438 2343 1710 2407 meliore
1761 2342 1912 2408 loco
1959 2342 2342 2427 respublica'
2385 2346 2614 2419 staret,

402 2441 464 2506 si
492 2446 567 2506 tu
598 2458 723 2524 par
740 2461 823 2506 ac
854 2442 1097 2515 similis
1126 2444 1560 2508 scelestorum
1601 2443 1872 2522 civium,
1901 2463 2038 2509 una
2063 2463 2218 2508 cum
2249 2443 2383 2506 illis
2409 2461 2616 2508 aunu-

401 2548 687 2608 meratus
714 2545 935 2608 esses!
976 2541 1086 2608 An
1114 2563 1237 2626 ego
1258 2549 1411 2608 tunc
1438 2541 1613 2608 falso
1641 2545 1906 2628 scripsi,
1953 2541 2190 2606 Cedant
2217 2563 2398 2606 arma
2429 2553 2612 2630 togae,

404 2644 523 2728 qui
568 2649 831 2727 togatus
884 2651 1225 2721 armatoS,.
1252 2650 1327 2709 et
1374 2663 1546 2727 pace
1594 2645 1838 2710 bellum
1897 2646 2250 2729 oppressi?
2269 2688 2276 2696 -
2295 2643 2408 2710 An
2445 2645 2614 2712 illud

402 2745 714 2811 mentitus
764 2765 937 2822 sum,
978 2742 1403 2810 Fortunatam
1450 2753 1670 2808 natam
1717 2766 1814 2809 me
1857 2744 2098 2810 consule
2145 2743 2614 2830 Rumaquui

396 2844 1070 2916 tantumintestinum
1100 2848 1369 2923 bellum,
1418 2852 1488 2910 et
1536 2847 1971 2912 domesticum
2010 2847 2199 2912 urbis
2231 2847 2612 2912 incendium

391 2947 711 3018 extinxi?

487 3045 732 3130 Neque
775 3054 840 3112 te
884 3048 982 3112 tui
1025 3048 1228 3130 piget,
1256 3048 1457 3114 homo
1483 3049 1841 3126 levissime,
1872 3068 2022 3112 cum
2049 3069 2130 3113 ea
2165 3051 2422 3134 culpas,
2455 3070 2608 3134 quae

402 3147 467 3210 in
488 3146 785 3212 historiis
814 3148 976 3211 mihi
1015 3149 1245 3230 gloriae
1292 3149 1537 3215 ducis?
1583 3149 1694 3214 An
1738 3150 1996 3234 turpius
2034 3159 2160 3228 est,
2209 3152 2292 3215 P.
2319 3150 2398 3216 G.
2447 3153 2612 3217 scri-

400 3249 664 3312 bentem
726 3251 1010 3326 mentiri,
1068 3270 1273 3333 quam
1338 3252 1528 3319 illum
1561 3243 1566 3248 ’
1600 3240 1822 3336 palam
1893 3253 2022 3316 hoc
2095 3252 2326 3318 ordine
2381 3253 2612 3318 dicen-

399 3349 579 3412 tem?
644 3347 712 3412 N
717 3369 850 3428 am,
900 3351 1083 3433 quod
1136 3353 1207 3414 iu
1254 3349 1538 3416 aetatem*
1585 3353 1998 3435 increpuisti,
2035 3359 2287 3418 tantum
2339 3373 2444 3419 me
2490 3355 2610 3419 ab·

399 3465 549 3512 esse
598 3455 765 3530 puto
808 3452 895 3514 ab
947 3453 1391 3536 impudicitia,
1451 3461 1769 3536 quantum
1827 3461 1899 3518 tu
1947 3475 1991 3518 a
2035 3453 2386 3537 pudicitia.
2475 3443 2614 3520 Sed

400 3546 563 3630 quid
610 3568 738 3629 ego
782 3551 866 3614 de
925 3557 990 3615 te
1042 3552 1241 3636 plura
1296 3556 1582 3636 querar?
1659 3553 1844 3633 Quid
1899 3555 2072 3620 enim
2107 3557 2366 3622 mentiri
2415 3562 2608 3640 turpe

398 3647 627 3727 duces,
658 3649 774 3730 qui
816 3651 979 3716 mihi
1021 3671 1229 3716 ausus
1266 3655 1363 3717 sis
1402 3655 1851 3747 ‘eloquentiam
1901 3657 1998 3720 uti
2036 3657 2270 3722 vitium
2291 3657 2607 3741 objicere,

1390 3819 1604 3871 1001*AE

457 3922 484 3955 ³
520 3923 698 3988 Qum]
747 3927 867 3976 Pro*
895 3931 1052 3992 quod.-
1096 3929 1259 3986 Quod.-
1297 3933 1458 3995 Taceri,
1544 3949 1684 3998 quam
1705 3949 1822 3984 cum
1838 3935 2227 4000 proscriptionem
2249 3932 2556 3989 construxit.

392 3995 620 4078 seilicet,
638 3999 1009 4067 Rmpubucam,
1040 4009 1119 4079 ῥυ,
1158 4007 1322 4070 Crispe
1350 4009 1457 4058 Sal-
1607 4007 1622 4042 ¹
1653 4010 1891 4073 AEtatem]
1923 4011 1988 4062 Id
2011 4020 2112 4078 est,
2133 4013 2510 4064 adolescentiam.

373 4071 526 4134 wsti,
557 4084 698 4123 vocas
720 4077 1121 4142 proscriptionem.
1152 4082 1457 4133 -Relativum
