<?xml version="1.0" encoding="UTF-8"?>
<!DOCTYPE html PUBLIC "-//W3C//DTD XHTML 1.0 Transitional//EN"
    "http://www.w3.org/TR/xhtml1/DTD/xhtml1-transitional.dtd">
<html xmlns="http://www.w3.org/1999/xhtml" xml:lang="en" lang="en">
 <head>
  <title>
</title>
<meta http-equiv="Content-Type" content="text/html;charset=utf-8" />
  <meta name='ocr-system' content='tesseract 3.04.00' />
  <meta name='ocr-capabilities' content='ocr_page ocr_carea ocr_par ocr_line ocrx_word'/>
</head>
<body>
  <div class='ocr_page' id='page_1' title='image "./ccrispisallusti01clergoog_0384.png"; bbox 0 0 2930 4758; ppageno 0'>
   <div class='ocr_carea' id='block_1_1' title="bbox 1301 310 1852 362">
    <p class='ocr_par' dir='ltr' id='par_1_1' title="bbox 1301 310 1852 362">
     <span class='ocr_line' id='line_1_1' title="bbox 1301 310 1852 362; baseline -0.002 0"><span class='ocrx_word' id='word_1_1' title='bbox 1301 310 1796 362; x_wconf 73' lang='lat' dir='ltr'><strong>nEcLAMA&#39;mo</strong></span> <span class='ocrx_word' id='word_1_2' title='bbox 1845 331 1852 339; x_wconf 94' lang='lat'><strong>·</strong></span> 
     </span>
    </p>
   </div>
   <div class='ocr_carea' id='block_1_2' title="bbox 380 436 2660 2163">
    <p class='ocr_par' dir='ltr' id='par_1_2' title="bbox 380 436 2660 1961">
     <span class='ocr_line' id='line_1_2' title="bbox 438 436 2654 527; baseline -0.002 -14"><span class='ocrx_word' id='word_1_3' title='bbox 438 438 629 513; x_wconf 58' lang='lat' dir='ltr'><strong>¹&amp;cliii</strong></span> <span class='ocrx_word' id='word_1_4' title='bbox 676 440 922 521; x_wconf 75' lang='lat' dir='ltr'><strong>valere,</strong></span> <span class='ocrx_word' id='word_1_5' title='bbox 975 438 1179 527; x_wconf 77' lang='lat' dir='ltr'><strong>quani</strong></span> <span class='ocrx_word' id='word_1_6' title='bbox 1234 442 1482 526; x_wconf 76' lang='lat' dir='ltr'><strong>pacem</strong></span> <span class='ocrx_word' id='word_1_7' title='bbox 1503 460 1550 523; x_wconf 82' lang='lat'><strong>3·</strong></span> <span class='ocrx_word' id='word_1_8' title='bbox 1608 440 1804 507; x_wconf 80' lang='lat' dir='ltr'><strong>multi</strong></span> <span class='ocrx_word' id='word_1_9' title='bbox 1862 442 2274 527; x_wconf 72' lang='lat' dir='ltr'><strong>privatorum</strong></span> <span class='ocrx_word' id='word_1_10' title='bbox 2328 436 2654 509; x_wconf 79' lang='lat' dir='ltr'><strong>audacias</strong></span> 
     </span>
     <span class='ocr_line' id='line_1_3' title="bbox 438 542 2658 627; baseline -0.001 -14"><span class='ocrx_word' id='word_1_11' title='bbox 438 542 867 627; x_wconf 69' lang='lat' dir='ltr'><strong>nutriverunt.</strong></span> <span class='ocrx_word' id='word_1_12' title='bbox 982 542 1129 627; x_wconf 84' lang='lat' dir='ltr'><strong>Ego</strong></span> <span class='ocrx_word' id='word_1_13' title='bbox 1168 543 1335 608; x_wconf 87' lang='lat' dir='ltr'><strong>nihil</strong></span> <span class='ocrx_word' id='word_1_14' title='bbox 1374 544 1593 622; x_wconf 89' lang='lat' dir='ltr'><strong>timui,</strong></span> <span class='ocrx_word' id='word_1_15' title='bbox 1633 545 1766 611; x_wconf 90' lang='lat' dir='ltr'><strong>nisi</strong></span> <span class='ocrx_word' id='word_1_16' title='bbox 1812 545 2035 627; x_wconf 82' lang='lat' dir='ltr'><strong>leges:</strong></span> <span class='ocrx_word' id='word_1_17' title='bbox 2100 542 2290 613; x_wconf 87' lang='lat' dir='ltr'><strong>multi</strong></span> <span class='ocrx_word' id='word_1_18' title='bbox 2315 565 2504 626; x_wconf 78' lang='lat' dir='ltr'><strong>anna</strong></span> <span class='ocrx_word' id='word_1_19' title='bbox 2527 560 2658 611; x_wconf 75' lang='lat' dir='ltr'><strong>sua</strong></span> 
     </span>
     <span class='ocr_line' id='line_1_4' title="bbox 436 646 2660 734; baseline -0.001 -17"><span class='ocrx_word' id='word_1_20' title='bbox 436 650 655 717; x_wconf 67' lang='lat' dir='ltr'><strong>timeri</strong></span> <span class='ocrx_word' id='word_1_21' title='bbox 704 648 1075 715; x_wconf 81' lang='lat' dir='ltr'><strong>voluerunt.</strong></span> <span class='ocrx_word' id='word_1_22' title='bbox 1182 646 1333 731; x_wconf 83' lang='lat' dir='ltr'><strong>Ego</strong></span> <span class='ocrx_word' id='word_1_23' title='bbox 1383 660 1725 733; x_wconf 84' lang='lat' dir='ltr'><strong>nunquam</strong></span> <span class='ocrx_word' id='word_1_24' title='bbox 1763 648 1954 715; x_wconf 71' lang='lat' dir='ltr'><strong>‘volui</strong></span> <span class='ocrx_word' id='word_1_25' title='bbox 2002 650 2372 734; x_wconf 82' lang='lat' dir='ltr'><strong>quicquam</strong></span> <span class='ocrx_word' id='word_1_26' title='bbox 2423 664 2660 731; x_wconf 80' lang='lat' dir='ltr'><strong>posse,</strong></span> 
     </span>
     <span class='ocr_line' id='line_1_5' title="bbox 442 749 2656 836; baseline 0 -20"><span class='ocrx_word' id='word_1_27' title='bbox 442 750 574 817; x_wconf 86' lang='lat' dir='ltr'><strong>nisi</strong></span> <span class='ocrx_word' id='word_1_28' title='bbox 622 770 743 835; x_wconf 88' lang='lat' dir='ltr'><strong>pro</strong></span> <span class='ocrx_word' id='word_1_29' title='bbox 787 750 1028 817; x_wconf 79' lang='lat' dir='ltr'><strong>vobis:</strong></span> <span class='ocrx_word' id='word_1_30' title='bbox 1092 749 1281 814; x_wconf 82' lang='lat' dir='ltr'><strong>multi</strong></span> <span class='ocrx_word' id='word_1_31' title='bbox 1328 766 1416 813; x_wconf 83' lang='lat' dir='ltr'><strong>ex</strong></span> <span class='ocrx_word' id='word_1_32' title='bbox 1462 751 1664 815; x_wconf 82' lang='lat' dir='ltr'><strong>vobis</strong></span> <span class='ocrx_word' id='word_1_33' title='bbox 1712 753 2010 836; x_wconf 84' lang='lat' dir='ltr'><strong>potentia</strong></span> <span class='ocrx_word' id='word_1_34' title='bbox 2055 750 2226 830; x_wconf 87' lang='lat' dir='ltr'><strong>freti,</strong></span> <span class='ocrx_word' id='word_1_35' title='bbox 2253 754 2325 817; x_wconf 87' lang='lat' dir='ltr'><strong>in</strong></span> <span class='ocrx_word' id='word_1_36' title='bbox 2359 768 2484 817; x_wconf 82' lang='lat' dir='ltr'><strong>vos</strong></span> <span class='ocrx_word' id='word_1_37' title='bbox 2513 752 2656 817; x_wconf 81' lang='lat' dir='ltr'><strong>suis</strong></span> 
     </span>
     <span class='ocr_line' id='line_1_6' title="bbox 440 849 2655 936; baseline -0 -17"><span class='ocrx_word' id='word_1_38' title='bbox 440 852 693 919; x_wconf 75' lang='lat' dir='ltr'><strong>viribus</strong></span> <span class='ocrx_word' id='word_1_39' title='bbox 718 849 911 915; x_wconf 86' lang='lat' dir='ltr'><strong>abusi</strong></span> <span class='ocrx_word' id='word_1_40' title='bbox 940 854 1115 917; x_wconf 86' lang='lat' dir='ltr'><strong>sunt.</strong></span> <span class='ocrx_word' id='word_1_41' title='bbox 1204 850 1439 936; x_wconf 86' lang='lat' dir='ltr'><strong>Itaque</strong></span> <span class='ocrx_word' id='word_1_42' title='bbox 1464 872 1602 933; x_wconf 79' lang='lat' dir='ltr'><strong>non</strong></span> <span class='ocrx_word' id='word_1_43' title='bbox 1640 857 1746 917; x_wconf 89' lang='lat' dir='ltr'><strong>est</strong></span> <span class='ocrx_word' id='word_1_44' title='bbox 1787 852 2052 931; x_wconf 88' lang='lat' dir='ltr'><strong>mirum,</strong></span> <span class='ocrx_word' id='word_1_45' title='bbox 2083 852 2144 917; x_wconf 89' lang='lat' dir='ltr'><strong>si</strong></span> <span class='ocrx_word' id='word_1_46' title='bbox 2185 852 2440 917; x_wconf 85' lang='lat' dir='ltr'><strong>nullius</strong></span> <span class='ocrx_word' id='word_1_47' title='bbox 2483 854 2655 918; x_wconf 78' lang='lat' dir='ltr'><strong>ami·-</strong></span> 
     </span>
     <span class='ocr_line' id='line_1_7' title="bbox 436 953 2654 1039; baseline 0.001 -18"><span class='ocrx_word' id='word_1_48' title='bbox 436 956 603 1021; x_wconf 84' lang='lat' dir='ltr'><strong>citia</strong></span> <span class='ocrx_word' id='word_1_49' title='bbox 626 970 791 1020; x_wconf 87' lang='lat' dir='ltr'><strong>usus</strong></span> <span class='ocrx_word' id='word_1_50' title='bbox 820 972 990 1031; x_wconf 87' lang='lat' dir='ltr'><strong>sum,</strong></span> <span class='ocrx_word' id='word_1_51' title='bbox 1022 953 1141 1037; x_wconf 90' lang='lat' dir='ltr'><strong>qui</strong></span> <span class='ocrx_word' id='word_1_52' title='bbox 1166 972 1304 1019; x_wconf 87' lang='lat' dir='ltr'><strong>non</strong></span> <span class='ocrx_word' id='word_1_53' title='bbox 1331 958 1660 1038; x_wconf 88' lang='lat' dir='ltr'><strong>perpetuo</strong></span> <span class='ocrx_word' id='word_1_54' title='bbox 1701 954 1870 1039; x_wconf 90' lang='lat' dir='ltr'><strong>reip.</strong></span> <span class='ocrx_word' id='word_1_55' title='bbox 1923 957 2178 1021; x_wconf 86' lang='lat' dir='ltr'><strong>amicus</strong></span> <span class='ocrx_word' id='word_1_56' title='bbox 2206 954 2374 1021; x_wconf 80' lang='lat' dir='ltr'><strong>fuit:</strong></span> <span class='ocrx_word' id='word_1_57' title='bbox 2409 972 2654 1039; x_wconf 74' lang='lat' dir='ltr'><strong>-neque</strong></span> 
     </span>
     <span class='ocr_line' id='line_1_8' title="bbox 436 1055 2657 1143; baseline 0 -20"><span class='ocrx_word' id='word_1_58' title='bbox 436 1070 549 1123; x_wconf 78' lang='lat' dir='ltr'><strong>me</strong></span> <span class='ocrx_word' id='word_1_59' title='bbox 570 1057 873 1143; x_wconf 86' lang='lat' dir='ltr'><strong>poenitet,</strong></span> <span class='ocrx_word' id='word_1_60' title='bbox 908 1057 968 1121; x_wconf 91' lang='lat' dir='ltr'><strong>si</strong></span> <span class='ocrx_word' id='word_1_61' title='bbox 1008 1061 1133 1121; x_wconf 86' lang='lat' dir='ltr'><strong>aut</strong></span> <span class='ocrx_word' id='word_1_62' title='bbox 1176 1056 1429 1139; x_wconf 87' lang='lat' dir='ltr'><strong>petenti</strong></span> <span class='ocrx_word' id='word_1_63' title='bbox 1470 1055 1778 1121; x_wconf 78' lang='lat' dir='ltr'><strong>Vatinioq</strong></span> <span class='ocrx_word' id='word_1_64' title='bbox 1823 1076 1942 1121; x_wconf 91' lang='lat' dir='ltr'><strong>reo</strong></span> <span class='ocrx_word' id='word_1_65' title='bbox 1987 1057 2430 1140; x_wconf 80' lang='lat' dir='ltr'><strong>patrocinium</strong></span> <span class='ocrx_word' id='word_1_66' title='bbox 2459 1057 2657 1140; x_wconf 80' lang='lat' dir='ltr'><strong>polli-</strong></span> 
     </span>
     <span class='ocr_line' id='line_1_9' title="bbox 436 1160 2658 1244; baseline 0 -17"><span class='ocrx_word' id='word_1_67' title='bbox 436 1160 621 1227; x_wconf 76' lang='lat' dir='ltr'><strong>¹citus</strong></span> <span class='ocrx_word' id='word_1_68' title='bbox 650 1178 821 1240; x_wconf 87' lang='lat' dir='ltr'><strong>sum,</strong></span> <span class='ocrx_word' id='word_1_69' title='bbox 852 1165 967 1227; x_wconf 89' lang='lat' dir='ltr'><strong>aut</strong></span> <span class='ocrx_word' id='word_1_70' title='bbox 1012 1160 1205 1224; x_wconf 80' lang='lat' dir='ltr'><strong>Sexti</strong></span> <span class='ocrx_word' id='word_1_71' title='bbox 1246 1160 1666 1227; x_wconf 82' lang='lat' dir='ltr'><strong>insolentiam</strong></span> <span class='ocrx_word' id='word_1_72' title='bbox 1714 1162 2020 1244; x_wconf 83' lang='lat' dir='ltr'><strong>repressi,</strong></span> <span class='ocrx_word' id='word_1_73' title='bbox 2073 1166 2191 1225; x_wconf 87' lang='lat' dir='ltr'><strong>aut</strong></span> <span class='ocrx_word' id='word_1_74' title='bbox 2239 1160 2488 1225; x_wconf 71' lang='lat' dir='ltr'><strong>Bibulir</strong></span> <span class='ocrx_word' id='word_1_75' title='bbox 2535 1180 2658 1243; x_wconf 78' lang='lat' dir='ltr'><strong>pa·</strong></span> 
     </span>
     <span class='ocr_line' id='line_1_10' title="bbox 432 1261 2656 1343; baseline 0 -15"><span class='ocrx_word' id='word_1_76' title='bbox 432 1264 748 1329; x_wconf 67' lang='lat' dir='ltr'><strong>‘tientiam</strong></span> <span class='ocrx_word' id='word_1_77' title='bbox 792 1262 1090 1343; x_wconf 81' lang='lat' dir='ltr'><strong>culpavi,</strong></span> <span class='ocrx_word' id='word_1_78' title='bbox 1138 1266 1257 1325; x_wconf 88' lang='lat' dir='ltr'><strong>aut</strong></span> <span class='ocrx_word' id='word_1_79' title='bbox 1299 1261 1654 1327; x_wconf 82' lang='lat' dir='ltr'><strong>virtutibus</strong></span> <span class='ocrx_word' id='word_1_80' title='bbox 1704 1261 1998 1328; x_wconf 78' lang='lat' dir='ltr'><strong>Caesaris</strong></span> <span class='ocrx_word' id='word_1_81' title='bbox 2031 1264 2206 1330; x_wconf 70' lang='lat' dir='ltr'><strong>favi.</strong></span> <span class='ocrx_word' id='word_1_82' title='bbox 2233 1264 2250 1277; x_wconf 80' lang='lat'><strong><em>‘</em></strong></span> <span class='ocrx_word' id='word_1_83' title='bbox 2295 1263 2436 1335; x_wconf 84' lang='lat' dir='ltr'><strong>Hae</strong></span> <span class='ocrx_word' id='word_1_84' title='bbox 2479 1264 2656 1329; x_wconf 84' lang='lat' dir='ltr'><strong>enim</strong></span> 
     </span>
     <span class='ocr_line' id='line_1_11' title="bbox 436 1362 2655 1447; baseline -0.001 -16"><span class='ocrx_word' id='word_1_85' title='bbox 436 1364 697 1431; x_wconf 76' lang='lat' dir='ltr'><strong>laudes‘</strong></span> <span class='ocrx_word' id='word_1_86' title='bbox 724 1363 971 1447; x_wconf 85' lang='lat' dir='ltr'><strong>egregii</strong></span> <span class='ocrx_word' id='word_1_87' title='bbox 1016 1362 1207 1441; x_wconf 76' lang='lat' dir='ltr'><strong>civiS,</strong></span> <span class='ocrx_word' id='word_1_88' title='bbox 1235 1368 1307 1429; x_wconf 89' lang='lat' dir='ltr'><strong>et</strong></span> <span class='ocrx_word' id='word_1_89' title='bbox 1352 1364 1574 1428; x_wconf 79' lang='lat' dir='ltr'><strong>unicae</strong></span> <span class='ocrx_word' id='word_1_90' title='bbox 1627 1370 1803 1429; x_wconf 87' lang='lat' dir='ltr'><strong>sunt.</strong></span> <span class='ocrx_word' id='word_1_91' title='bbox 1893 1363 2072 1443; x_wconf 71' lang='lat' dir='ltr'><strong>Quae</strong></span> <span class='ocrx_word' id='word_1_92' title='bbox 2125 1366 2186 1429; x_wconf 85' lang='lat' dir='ltr'><strong>si</strong></span> <span class='ocrx_word' id='word_1_93' title='bbox 2227 1370 2304 1429; x_wconf 92' lang='lat' dir='ltr'><strong>tu</strong></span> <span class='ocrx_word' id='word_1_94' title='bbox 2347 1365 2511 1429; x_wconf 89' lang='lat' dir='ltr'><strong>mihi</strong></span> <span class='ocrx_word' id='word_1_95' title='bbox 2551 1364 2655 1429; x_wconf 86' lang='lat' dir='ltr'><strong>uti</strong></span> 
     </span>
     <span class='ocr_line' id='line_1_12' title="bbox 434 1456 2656 1552; baseline -0 -19"><span class='ocrx_word' id='word_1_96' title='bbox 434 1468 608 1533; x_wconf 77' lang='lat' dir='ltr'><strong>&#39;vitia&#39;</strong></span> <span class='ocrx_word' id='word_1_97' title='bbox 654 1467 915 1552; x_wconf 80' lang='lat' dir='ltr'><strong>objicis,</strong></span> <span class='ocrx_word' id='word_1_98' title='bbox 962 1464 1317 1532; x_wconf 71' lang='lat' dir='ltr'><strong>temeritas‘</strong></span> <span class='ocrx_word' id='word_1_99' title='bbox 1372 1456 1498 1531; x_wconf 86' lang='lat' dir='ltr'><strong>tua.</strong></span> <span class='ocrx_word' id='word_1_100' title='bbox 1535 1466 2047 1551; x_wconf 87' lang='lat' dir='ltr'><strong>reprehenditur,</strong></span> <span class='ocrx_word' id='word_1_101' title='bbox 2101 1486 2236 1530; x_wconf 88' lang='lat' dir='ltr'><strong>non</strong></span> <span class='ocrx_word' id='word_1_102' title='bbox 2285 1486 2438 1531; x_wconf 89' lang='lat' dir='ltr'><strong>mea</strong></span> <span class='ocrx_word' id='word_1_103' title='bbox 2485 1466 2656 1533; x_wconf 82' lang='lat' dir='ltr'><strong>vitia</strong></span> 
     </span>
     <span class='ocr_line' id='line_1_13' title="bbox 432 1567 2658 1654; baseline 0.001 -18"><span class='ocrx_word' id='word_1_104' title='bbox 432 1570 904 1654; x_wconf 84' lang='lat' dir='ltr'><strong>culpabuntur.</strong></span> <span class='ocrx_word' id='word_1_105' title='bbox 994 1568 1205 1633; x_wconf 87' lang='lat' dir='ltr'><strong>Plura</strong></span> <span class='ocrx_word' id='word_1_106' title='bbox 1232 1567 1545 1646; x_wconf 84' lang='lat' dir='ltr'><strong>dicerem,</strong></span> <span class='ocrx_word' id='word_1_107' title='bbox 1585 1569 1648 1633; x_wconf 86' lang='lat' dir='ltr'><strong>si</strong></span> <span class='ocrx_word' id='word_1_108' title='bbox 1693 1568 1876 1653; x_wconf 86' lang='lat' dir='ltr'><strong>apud</strong></span> <span class='ocrx_word' id='word_1_109' title='bbox 1903 1569 2078 1633; x_wconf 85' lang='lat' dir='ltr'><strong>alios</strong></span> <span class='ocrx_word' id='word_1_110' title='bbox 2115 1569 2282 1635; x_wconf 83' lang='lat' dir='ltr'><strong>mihi</strong></span> <span class='ocrx_word' id='word_1_111' title='bbox 2311 1576 2490 1635; x_wconf 90' lang='lat' dir='ltr'><strong>esset</strong></span> <span class='ocrx_word' id='word_1_112' title='bbox 2513 1568 2658 1639; x_wconf 49' lang='lat' dir='ltr'><strong>dis*</strong></span> 
     </span>
     <span class='ocr_line' id='line_1_14' title="bbox 434 1664 2652 1753; baseline -0.001 -16"><span class='ocrx_word' id='word_1_113' title='bbox 434 1664 807 1751; x_wconf 74' lang='lat' dir='ltr'><strong>serendum,</strong></span> <span class='ocrx_word' id='word_1_114' title='bbox 838 1672 923 1735; x_wconf 88' lang='lat' dir='ltr'><strong>P.</strong></span> <span class='ocrx_word' id='word_1_115' title='bbox 952 1669 1031 1735; x_wconf 88' lang='lat' dir='ltr'><strong>C.</strong></span> <span class='ocrx_word' id='word_1_116' title='bbox 1076 1686 1211 1737; x_wconf 85' lang='lat' dir='ltr'><strong>non</strong></span> <span class='ocrx_word' id='word_1_117' title='bbox 1255 1670 1444 1753; x_wconf 84' lang='lat' dir='ltr'><strong>apud</strong></span> <span class='ocrx_word' id='word_1_118' title='bbox 1493 1688 1640 1747; x_wconf 73' lang='lat' dir='ltr'><strong>vesi,</strong></span> <span class='ocrx_word' id='word_1_119' title='bbox 1687 1688 1856 1753; x_wconf 90' lang='lat' dir='ltr'><strong>quos</strong></span> <span class='ocrx_word' id='word_1_120' title='bbox 1883 1670 2088 1735; x_wconf 86' lang='lat' dir='ltr'><strong>habui</strong></span> <span class='ocrx_word' id='word_1_121' title='bbox 2117 1671 2410 1735; x_wconf 86' lang='lat' dir='ltr'><strong>omnium</strong></span> <span class='ocrx_word' id='word_1_122' title='bbox 2439 1671 2652 1735; x_wconf 75' lang='lat' dir='ltr'><strong>actio·</strong></span> 
     </span>
     <span class='ocr_line' id='line_1_15' title="bbox 380 1769 2649 1857; baseline 0 -18"><span class='ocrx_word' id='word_1_123' title='bbox 380 1769 388 1773; x_wconf 70' lang='grc'><strong>’</strong></span> <span class='ocrx_word' id='word_1_124' title='bbox 432 1786 597 1839; x_wconf 81' lang='lat' dir='ltr'><strong>num</strong></span> <span class='ocrx_word' id='word_1_125' title='bbox 623 1792 920 1838; x_wconf 89' lang='lat' dir='ltr'><strong>mearum</strong></span> <span class='ocrx_word' id='word_1_126' title='bbox 944 1774 1326 1837; x_wconf 87' lang='lat' dir='ltr'><strong>monitores.</strong></span> <span class='ocrx_word' id='word_1_127' title='bbox 1414 1772 1576 1851; x_wconf 86' lang='lat' dir='ltr'><strong>Sed,</strong></span> <span class='ocrx_word' id='word_1_128' title='bbox 1595 1773 1715 1839; x_wconf 88' lang='lat' dir='ltr'><strong>ubi</strong></span> <span class='ocrx_word' id='word_1_129' title='bbox 1737 1792 1951 1837; x_wconf 86' lang='lat' dir='ltr'><strong>rerum</strong></span> <span class='ocrx_word' id='word_1_130' title='bbox 1979 1773 2362 1839; x_wconf 85' lang='lat' dir='ltr'><strong>testimonia</strong></span> <span class='ocrx_word' id='word_1_131' title='bbox 2387 1773 2649 1857; x_wconf 81' lang='lat' dir='ltr'><strong>adsunt,</strong></span> 
     </span>
     <span class='ocr_line' id='line_1_16' title="bbox 434 1875 2376 1961; baseline -0.003 -20"><span class='ocrx_word' id='word_1_132' title='bbox 434 1875 601 1961; x_wconf 85' lang='lat' dir='ltr'><strong>quid</strong></span> <span class='ocrx_word' id='word_1_133' title='bbox 630 1892 804 1958; x_wconf 85' lang='lat' dir='ltr'><strong>opus</strong></span> <span class='ocrx_word' id='word_1_134' title='bbox 832 1880 935 1941; x_wconf 85' lang='lat' dir='ltr'><strong>est</strong></span> <span class='ocrx_word' id='word_1_135' title='bbox 960 1877 1185 1940; x_wconf 81' lang='lat' dir='ltr'><strong>verbis</strong></span> <span class='ocrx_word' id='word_1_136' title='bbox 1205 1877 1235 1939; x_wconf 70' lang='lat' dir='ltr'><strong>‘t</strong></span> <span class='ocrx_word' id='word_1_137' title='bbox 2370 1914 2376 1923; x_wconf 86' lang='lat'>-</span> 
     </span>
    </p>

    <p class='ocr_par' dir='ltr' id='par_1_3' title="bbox 432 1930 2652 2163">
     <span class='ocr_line' id='line_1_17' title="bbox 432 1930 2652 2061; baseline 0 -20"><span class='ocrx_word' id='word_1_138' title='bbox 432 2024 439 2030; x_wconf 81' lang='lat'><em>-</em></span> <span class='ocrx_word' id='word_1_139' title='bbox 526 1975 729 2041; x_wconf 82' lang='lat' dir='ltr'><strong>Nunc&#39;</strong></span> <span class='ocrx_word' id='word_1_140' title='bbox 768 1976 855 2041; x_wconf 89' lang='lat' dir='ltr'><strong>ad</strong></span> <span class='ocrx_word' id='word_1_141' title='bbox 900 1983 969 2042; x_wconf 91' lang='lat' dir='ltr'><strong>te</strong></span> <span class='ocrx_word' id='word_1_142' title='bbox 1013 1977 1114 2041; x_wconf 87' lang='lat' dir='ltr'><strong>uti</strong></span> <span class='ocrx_word' id='word_1_143' title='bbox 1142 1980 1454 2055; x_wconf 86' lang='lat' dir='ltr'><strong>revertar,</strong></span> <span class='ocrx_word' id='word_1_144' title='bbox 1499 1976 1797 2055; x_wconf 84' lang='lat' dir='ltr'><strong>Sallusti,</strong></span> <span class='ocrx_word' id='word_1_145' title='bbox 1840 1982 2230 2061; x_wconf 86' lang='lat' dir='ltr'><strong>patremque</strong></span> <span class='ocrx_word' id='word_1_146' title='bbox 2256 1930 2444 2044; x_wconf 76' lang='lat' dir='ltr'><strong>tuum</strong></span> <span class='ocrx_word' id='word_1_147' title='bbox 2472 1994 2652 2061; x_wconf 81' lang='lat' dir='ltr'><strong>prae-</strong></span> 
     </span>
     <span class='ocr_line' id='line_1_18' title="bbox 433 2064 2652 2163; baseline 0.001 -20"><span class='ocrx_word' id='word_1_148' title='bbox 433 2084 722 2143; x_wconf 84' lang='lat' dir='ltr'><strong>teream:</strong></span> <span class='ocrx_word' id='word_1_149' title='bbox 790 2064 907 2160; x_wconf 82' lang='lat' dir='ltr'><strong>qui</strong></span> <span class='ocrx_word' id='word_1_150' title='bbox 956 2078 1017 2141; x_wconf 91' lang='lat' dir='ltr'><strong>si</strong></span> <span class='ocrx_word' id='word_1_151' title='bbox 1062 2097 1396 2160; x_wconf 88' lang='lat' dir='ltr'><strong>nunquam</strong></span> <span class='ocrx_word' id='word_1_152' title='bbox 1440 2080 1512 2143; x_wconf 87' lang='lat' dir='ltr'><strong>in</strong></span> <span class='ocrx_word' id='word_1_153' title='bbox 1559 2081 1700 2145; x_wconf 81' lang='lat' dir='ltr'><strong>vita</strong></span> <span class='ocrx_word' id='word_1_154' title='bbox 1745 2100 1888 2144; x_wconf 86' lang='lat' dir='ltr'><strong>sua</strong></span> <span class='ocrx_word' id='word_1_155' title='bbox 1896 2083 2226 2163; x_wconf 85' lang='lat' dir='ltr'><strong>peccavit,</strong></span> <span class='ocrx_word' id='word_1_156' title='bbox 2255 2087 2484 2145; x_wconf 85' lang='lat' dir='ltr'><strong>tamen</strong></span> <span class='ocrx_word' id='word_1_157' title='bbox 2505 2098 2652 2145; x_wconf 79' lang='lat' dir='ltr'><strong>ma·</strong></span> 
     </span>
    </p>
   </div>
   <div class='ocr_carea' id='block_1_3' title="bbox 312 2178 2648 2273">
    <p class='ocr_par' dir='ltr' id='par_1_4' title="bbox 312 2178 2648 2273">
     <span class='ocr_line' id='line_1_19' title="bbox 312 2178 2648 2273; baseline 0 -28"><span class='ocrx_word' id='word_1_158' title='bbox 312 2268 319 2273; x_wconf 24' lang='grc' dir='ltr'>Ι</span> <span class='ocrx_word' id='word_1_159' title='bbox 426 2178 642 2265; x_wconf 72' lang='lat' dir='ltr'><strong>jorem</strong></span> <span class='ocrx_word' id='word_1_160' title='bbox 672 2179 991 2263; x_wconf 85' lang='lat' dir='ltr'><strong>injuriam</strong></span> <span class='ocrx_word' id='word_1_161' title='bbox 1009 2181 1173 2264; x_wconf 87' lang='lat' dir='ltr'><strong>reip.</strong></span> <span class='ocrx_word' id='word_1_162' title='bbox 1202 2181 1419 2247; x_wconf 85' lang='lat' dir='ltr'><strong>facere</strong></span> <span class='ocrx_word' id='word_1_163' title='bbox 1444 2198 1582 2247; x_wconf 85' lang='lat' dir='ltr'><strong>non</strong></span> <span class='ocrx_word' id='word_1_164' title='bbox 1609 2182 1848 2266; x_wconf 87' lang='lat' dir='ltr'><strong>potuit,</strong></span> <span class='ocrx_word' id='word_1_165' title='bbox 1895 2201 2096 2265; x_wconf 89' lang='lat' dir='ltr'><strong>quam</strong></span> <span class='ocrx_word' id='word_1_166' title='bbox 2137 2182 2320 2267; x_wconf 88' lang='lat' dir='ltr'><strong>quod</strong></span> <span class='ocrx_word' id='word_1_167' title='bbox 2349 2189 2416 2248; x_wconf 90' lang='lat' dir='ltr'><strong>te</strong></span> <span class='ocrx_word' id='word_1_168' title='bbox 2445 2183 2648 2257; x_wconf 80' lang='lat' dir='ltr'><strong>talem</strong></span> 
     </span>
    </p>
   </div>
   <div class='ocr_carea' id='block_1_4' title="bbox 424 2278 2649 3083">
    <p class='ocr_par' dir='ltr' id='par_1_5' title="bbox 424 2278 2649 3083">
     <span class='ocr_line' id='line_1_20' title="bbox 432 2278 2649 2370; baseline 0.002 -26"><span class='ocrx_word' id='word_1_169' title='bbox 432 2278 649 2346; x_wconf 78' lang='lat' dir='ltr'><strong>fllium</strong></span> <span class='ocrx_word' id='word_1_170' title='bbox 677 2283 925 2364; x_wconf 87' lang='lat' dir='ltr'><strong>genuit.</strong></span> <span class='ocrx_word' id='word_1_171' title='bbox 1043 2282 1307 2367; x_wconf 87' lang='lat' dir='ltr'><strong>Neque,</strong></span> <span class='ocrx_word' id='word_1_172' title='bbox 1330 2292 1403 2351; x_wconf 91' lang='lat' dir='ltr'><strong>tu</strong></span> <span class='ocrx_word' id='word_1_173' title='bbox 1434 2287 1494 2349; x_wconf 90' lang='lat' dir='ltr'><strong>si</strong></span> <span class='ocrx_word' id='word_1_174' title='bbox 1521 2304 1656 2368; x_wconf 90' lang='lat' dir='ltr'><strong>qua</strong></span> <span class='ocrx_word' id='word_1_175' title='bbox 1701 2285 1770 2348; x_wconf 90' lang='lat' dir='ltr'><strong>in</strong></span> <span class='ocrx_word' id='word_1_176' title='bbox 1811 2285 2100 2370; x_wconf 86' lang='lat' dir='ltr'><strong>pueritia</strong></span> <span class='ocrx_word' id='word_1_177' title='bbox 2139 2285 2459 2368; x_wconf 84' lang='lat' dir='ltr'><strong>peccasti,</strong></span> <span class='ocrx_word' id='word_1_178' title='bbox 2489 2302 2649 2349; x_wconf 76' lang='lat' dir='ltr'><strong>exe·</strong></span> 
     </span>
     <span class='ocr_line' id='line_1_21' title="bbox 428 2387 2646 2471; baseline 0.002 -24"><span class='ocrx_word' id='word_1_179' title='bbox 428 2393 626 2467; x_wconf 70' lang='lat' dir='ltr'><strong>quar,</strong></span> <span class='ocrx_word' id='word_1_180' title='bbox 661 2405 747 2450; x_wconf 89' lang='lat' dir='ltr'><strong>ne</strong></span> <span class='ocrx_word' id='word_1_181' title='bbox 791 2391 1124 2469; x_wconf 83' lang='lat' dir='ltr'><strong>parentem</strong></span> <span class='ocrx_word' id='word_1_182' title='bbox 1172 2392 1356 2451; x_wconf 89' lang='lat' dir='ltr'><strong>tuum</strong></span> <span class='ocrx_word' id='word_1_183' title='bbox 1394 2387 1626 2452; x_wconf 81' lang='lat' dir='ltr'><strong>videar</strong></span> <span class='ocrx_word' id='word_1_184' title='bbox 1657 2407 1998 2466; x_wconf 90' lang='lat' dir='ltr'><strong>accusare,</strong></span> <span class='ocrx_word' id='word_1_185' title='bbox 2052 2388 2172 2471; x_wconf 91' lang='lat' dir='ltr'><strong>qui</strong></span> <span class='ocrx_word' id='word_1_186' title='bbox 2221 2407 2304 2452; x_wconf 92' lang='lat' dir='ltr'><strong>eo</strong></span> <span class='ocrx_word' id='word_1_187' title='bbox 2347 2391 2646 2470; x_wconf 82' lang='lat' dir='ltr'><strong>tempore</strong></span> 
     </span>
     <span class='ocr_line' id='line_1_22' title="bbox 424 2488 2648 2573; baseline 0.004 -24"><span class='ocrx_word' id='word_1_188' title='bbox 424 2504 759 2552; x_wconf 76' lang='lat' dir='ltr'><strong>summam</strong></span> <span class='ocrx_word' id='word_1_189' title='bbox 804 2489 904 2551; x_wconf 83' lang='lat' dir='ltr'><strong>tui</strong></span> <span class='ocrx_word' id='word_1_190' title='bbox 946 2493 1343 2573; x_wconf 83' lang='lat' dir='ltr'><strong>potestatem</strong></span> <span class='ocrx_word' id='word_1_191' title='bbox 1370 2489 1624 2567; x_wconf 89' lang='lat' dir='ltr'><strong>habuit,</strong></span> <span class='ocrx_word' id='word_1_192' title='bbox 1655 2489 1776 2552; x_wconf 85' lang='lat' dir='ltr'><strong>sed</strong></span> <span class='ocrx_word' id='word_1_193' title='bbox 1821 2489 2087 2572; x_wconf 87' lang='lat' dir='ltr'><strong>qualem</strong></span> <span class='ocrx_word' id='word_1_194' title='bbox 2131 2488 2648 2557; x_wconf 81' lang='lat' dir='ltr'><strong>adolescentiam</strong></span> 
     </span>
     <span class='ocr_line' id='line_1_23' title="bbox 427 2589 2645 2670; baseline 0 -16"><span class='ocrx_word' id='word_1_195' title='bbox 427 2589 665 2670; x_wconf 77' lang='lat' dir='ltr'><strong>egeris.</strong></span> <span class='ocrx_word' id='word_1_196' title='bbox 776 2589 934 2654; x_wconf 89' lang='lat' dir='ltr'><strong>Hac</strong></span> <span class='ocrx_word' id='word_1_197' title='bbox 985 2590 1161 2652; x_wconf 90' lang='lat' dir='ltr'><strong>enim</strong></span> <span class='ocrx_word' id='word_1_198' title='bbox 1211 2589 1684 2664; x_wconf 86' lang='lat' dir='ltr'><strong>demonstrata,</strong></span> <span class='ocrx_word' id='word_1_199' title='bbox 1733 2590 1929 2654; x_wconf 84' lang='lat' dir='ltr'><strong>facile</strong></span> <span class='ocrx_word' id='word_1_200' title='bbox 1979 2589 2396 2670; x_wconf 82' lang='lat' dir='ltr'><strong>intelligetur,</strong></span> <span class='ocrx_word' id='word_1_201' title='bbox 2441 2607 2645 2670; x_wconf 82' lang='lat' dir='ltr'><strong>quam</strong></span> 
     </span>
     <span class='ocr_line' id='line_1_24' title="bbox 428 2687 2646 2781; baseline 0.001 -30"><span class='ocrx_word' id='word_1_202' title='bbox 428 2689 755 2771; x_wconf 87' lang='lat' dir='ltr'><strong>&#39;petulanti</strong></span> <span class='ocrx_word' id='word_1_203' title='bbox 783 2690 1091 2781; x_wconf 84' lang='lat' dir='ltr'><strong>pueritia,</strong></span> <span class='ocrx_word' id='word_1_204' title='bbox 1140 2709 1342 2772; x_wconf 88' lang='lat' dir='ltr'><strong>quam</strong></span> <span class='ocrx_word' id='word_1_205' title='bbox 1390 2687 1772 2773; x_wconf 88' lang='lat' dir='ltr'><strong>impudicus</strong></span> <span class='ocrx_word' id='word_1_206' title='bbox 1815 2697 1884 2754; x_wconf 91' lang='lat' dir='ltr'><strong>et</strong></span> <span class='ocrx_word' id='word_1_207' title='bbox 1929 2709 2210 2773; x_wconf 81' lang='lat' dir='ltr'><strong>procax,</strong></span> <span class='ocrx_word' id='word_1_208' title='bbox 2247 2689 2646 2754; x_wconf 80' lang='lat' dir='ltr'><strong>adoleveris.</strong></span> 
     </span>
     <span class='ocr_line' id='line_1_25' title="bbox 427 2787 2646 2874; baseline 0.002 -22"><span class='ocrx_word' id='word_1_209' title='bbox 427 2787 883 2871; x_wconf 77' lang='lat' dir='ltr'><strong>Posteaquam</strong></span> <span class='ocrx_word' id='word_1_210' title='bbox 909 2791 1252 2854; x_wconf 80' lang='lat' dir='ltr'><strong>immensae</strong></span> <span class='ocrx_word' id='word_1_211' title='bbox 1280 2789 1455 2871; x_wconf 75' lang='lat' dir='ltr'><strong>gulae</strong></span> <span class='ocrx_word' id='word_1_212' title='bbox 1483 2790 2002 2873; x_wconf 83' lang='lat' dir='ltr'><strong>impudicissimi</strong></span> <span class='ocrx_word' id='word_1_213' title='bbox 2019 2792 2320 2874; x_wconf 87' lang='lat' dir='ltr'><strong>corporis</strong></span> <span class='ocrx_word' id='word_1_214' title='bbox 2339 2796 2646 2874; x_wconf 74' lang='lat' dir='ltr'><strong>quaestus</strong></span> 
     </span>
     <span class='ocr_line' id='line_1_26' title="bbox 424 2889 2643 2977; baseline 0.004 -23"><span class='ocrx_word' id='word_1_215' title='bbox 424 2889 731 2956; x_wconf 81' lang='lat' dir='ltr'><strong>sufficere</strong></span> <span class='ocrx_word' id='word_1_216' title='bbox 757 2906 891 2952; x_wconf 89' lang='lat' dir='ltr'><strong>non</strong></span> <span class='ocrx_word' id='word_1_217' title='bbox 920 2891 1161 2972; x_wconf 88' lang='lat' dir='ltr'><strong>potuit,</strong></span> <span class='ocrx_word' id='word_1_218' title='bbox 1191 2896 1263 2954; x_wconf 87' lang='lat' dir='ltr'><strong>et</strong></span> <span class='ocrx_word' id='word_1_219' title='bbox 1292 2896 1463 2960; x_wconf 81' lang='lat' dir='ltr'><strong>aetas</strong></span> <span class='ocrx_word' id='word_1_220' title='bbox 1493 2898 1608 2958; x_wconf 89' lang='lat' dir='ltr'><strong>tua</strong></span> <span class='ocrx_word' id='word_1_221' title='bbox 1648 2894 1796 2977; x_wconf 85' lang='lat' dir='ltr'><strong>jam</strong></span> <span class='ocrx_word' id='word_1_222' title='bbox 1841 2892 1931 2957; x_wconf 87' lang='lat' dir='ltr'><strong>ad</strong></span> <span class='ocrx_word' id='word_1_223' title='bbox 1971 2913 2056 2960; x_wconf 90' lang='lat' dir='ltr'><strong>ea</strong></span> <span class='ocrx_word' id='word_1_224' title='bbox 2093 2893 2459 2975; x_wconf 51' lang='lat' dir='ltr'><strong>patiendae</strong></span> <span class='ocrx_word' id='word_1_225' title='bbox 2487 2911 2643 2976; x_wconf 71' lang='lat' dir='ltr'><strong>quae</strong></span> 
     </span>
     <span class='ocr_line' id='line_1_27' title="bbox 424 2990 2646 3083; baseline 0.003 -26"><span class='ocrx_word' id='word_1_226' title='bbox 424 2992 617 3057; x_wconf 85' lang='lat' dir='ltr'><strong>alteri</strong></span> <span class='ocrx_word' id='word_1_227' title='bbox 642 2991 865 3060; x_wconf 86' lang='lat' dir='ltr'><strong>facere</strong></span> <span class='ocrx_word' id='word_1_228' title='bbox 892 2991 1329 3070; x_wconf 84' lang='lat' dir='ltr'><strong>collibuisset,</strong></span> <span class='ocrx_word' id='word_1_229' title='bbox 1355 2994 1736 3060; x_wconf 84' lang='lat' dir='ltr'><strong>exoleverat</strong></span> <span class='ocrx_word' id='word_1_230' title='bbox 1757 3015 1776 3060; x_wconf 74' lang='lat' dir='ltr'><strong><em>z</em></strong></span> <span class='ocrx_word' id='word_1_231' title='bbox 1801 3065 1824 3083; x_wconf 43' lang='grc' dir='ltr'><strong><em>ο</em></strong></span> <span class='ocrx_word' id='word_1_232' title='bbox 1843 2995 2321 3077; x_wconf 83' lang='lat' dir='ltr'><strong>cupiditatibus</strong></span> <span class='ocrx_word' id='word_1_233' title='bbox 2359 2990 2646 3064; x_wconf 76' lang='lat' dir='ltr'><strong>infinitis</strong></span> 
     </span>
    </p>
   </div>
   <div class='ocr_carea' id='block_1_5' title="bbox 1421 3205 1638 3262">
    <p class='ocr_par' dir='ltr' id='par_1_6' title="bbox 1421 3205 1638 3262">
     <span class='ocr_line' id='line_1_28' title="bbox 1421 3205 1638 3262; baseline 0.028 -6"><span class='ocrx_word' id='word_1_234' title='bbox 1421 3207 1474 3256; x_wconf 90' lang='lat' dir='ltr'>N</span> <span class='ocrx_word' id='word_1_235' title='bbox 1480 3205 1638 3262; x_wconf 74' lang='lat' dir='ltr'><strong>01·AE</strong></span> 
     </span>
    </p>
   </div>
   <div class='ocr_carea' id='block_1_6' title="bbox 422 3328 1493 3624">
    <p class='ocr_par' dir='ltr' id='par_1_7' title="bbox 422 3328 1493 3624">
     <span class='ocr_line' id='line_1_29' title="bbox 488 3328 1493 3400; baseline -0.002 -14"><span class='ocrx_word' id='word_1_236' title='bbox 488 3339 515 3377; x_wconf 56' lang='grc' dir='ltr'><strong>ἢ</strong></span> <span class='ocrx_word' id='word_1_237' title='bbox 554 3333 765 3399; x_wconf 77' lang='lat' dir='ltr'><strong>Vatinio]</strong></span> <span class='ocrx_word' id='word_1_238' title='bbox 830 3333 1133 3400; x_wconf 82' lang='lat' dir='ltr'><strong>Respondet</strong></span> <span class='ocrx_word' id='word_1_239' title='bbox 1167 3331 1232 3384; x_wconf 85' lang='lat' dir='ltr'><strong>ad</strong></span> <span class='ocrx_word' id='word_1_240' title='bbox 1264 3331 1316 3384; x_wconf 86' lang='lat' dir='ltr'><strong>id</strong></span> <span class='ocrx_word' id='word_1_241' title='bbox 1352 3328 1493 3400; x_wconf 88' lang='lat' dir='ltr'><strong>quod</strong></span> 
     </span>
     <span class='ocr_line' id='line_1_30' title="bbox 422 3412 1492 3476; baseline -0.004 -10"><span class='ocrx_word' id='word_1_242' title='bbox 422 3412 697 3466; x_wconf 76' lang='lat' dir='ltr'><strong>Sallustius</strong></span> <span class='ocrx_word' id='word_1_243' title='bbox 721 3413 945 3476; x_wconf 82' lang='lat' dir='ltr'><strong>dixerat,</strong></span> <span class='ocrx_word' id='word_1_244' title='bbox 966 3413 1269 3463; x_wconf 84' lang='lat' dir='ltr'><strong>Ciceronem</strong></span> <span class='ocrx_word' id='word_1_245' title='bbox 1292 3412 1492 3462; x_wconf 82' lang='lat' dir='ltr'><strong>Vatinii</strong></span> 
     </span>
     <span class='ocr_line' id='line_1_31' title="bbox 423 3487 1492 3552; baseline -0.001 -15"><span class='ocrx_word' id='word_1_246' title='bbox 423 3501 631 3539; x_wconf 80' lang='lat' dir='ltr'><strong>causam</strong></span> <span class='ocrx_word' id='word_1_247' title='bbox 672 3502 847 3551; x_wconf 83' lang='lat' dir='ltr'><strong>agere,</strong></span> <span class='ocrx_word' id='word_1_248' title='bbox 886 3494 1158 3552; x_wconf 79' lang='lat' dir='ltr'><strong>postquam</strong></span> <span class='ocrx_word' id='word_1_249' title='bbox 1204 3487 1492 3540; x_wconf 79' lang='lat' dir='ltr'><strong>orationem</strong></span> 
     </span>
     <span class='ocr_line' id='line_1_32' title="bbox 424 3560 1105 3624; baseline -0.002 -11"><span class='ocrx_word' id='word_1_250' title='bbox 424 3569 608 3613; x_wconf 86' lang='lat' dir='ltr'><strong>contra</strong></span> <span class='ocrx_word' id='word_1_251' title='bbox 630 3560 797 3624; x_wconf 84' lang='lat' dir='ltr'><strong>ipsum</strong></span> <span class='ocrx_word' id='word_1_252' title='bbox 820 3561 1105 3612; x_wconf 87' lang='lat' dir='ltr'><strong>habuisset.</strong></span> 
     </span>
    </p>
   </div>
   <div class='ocr_carea' id='block_1_7' title="bbox 488 3641 1490 3706">
    <p class='ocr_par' dir='ltr' id='par_1_8' title="bbox 488 3641 1490 3706">
     <span class='ocr_line' id='line_1_33' title="bbox 488 3641 1490 3706; baseline 0 -14"><span class='ocrx_word' id='word_1_253' title='bbox 488 3643 709 3692; x_wconf 61' lang='lat' dir='ltr'><strong>‘Bibuli</strong></span> <span class='ocrx_word' id='word_1_254' title='bbox 730 3642 856 3706; x_wconf 59' lang='lat' dir='ltr'><strong>pat]</strong></span> <span class='ocrx_word' id='word_1_255' title='bbox 906 3644 1073 3691; x_wconf 86' lang='lat' dir='ltr'><strong>Tanta</strong></span> <span class='ocrx_word' id='word_1_256' title='bbox 1090 3641 1206 3701; x_wconf 88' lang='lat' dir='ltr'><strong>fuit,</strong></span> <span class='ocrx_word' id='word_1_257' title='bbox 1230 3641 1490 3697; x_wconf 86' lang='lat' dir='ltr'><strong>referente</strong></span> 
     </span>
    </p>
   </div>
   <div class='ocr_carea' id='block_1_8' title="bbox 336 3715 1489 3782">
    <p class='ocr_par' dir='ltr' id='par_1_9' title="bbox 336 3715 1489 3782">
     <span class='ocr_line' id='line_1_34' title="bbox 336 3715 1489 3782; baseline -0.005 -11"><span class='ocrx_word' id='word_1_258' title='bbox 336 3715 341 3720; x_wconf 48' lang='lat'>⁸</span> <span class='ocrx_word' id='word_1_259' title='bbox 423 3719 688 3782; x_wconf 88' lang='lat' dir='ltr'><strong>Suetonio,</strong></span> <span class='ocrx_word' id='word_1_260' title='bbox 713 3725 769 3767; x_wconf 91' lang='lat' dir='ltr'><strong>ut</strong></span> <span class='ocrx_word' id='word_1_261' title='bbox 807 3717 1057 3780; x_wconf 85' lang='lat' dir='ltr'><strong>nonnulli,</strong></span> <span class='ocrx_word' id='word_1_262' title='bbox 1098 3717 1232 3781; x_wconf 85' lang='lat' dir='ltr'><strong>qnod</strong></span> <span class='ocrx_word' id='word_1_263' title='bbox 1265 3719 1339 3766; x_wconf 88' lang='lat' dir='ltr'><strong>ita</strong></span> <span class='ocrx_word' id='word_1_264' title='bbox 1376 3719 1489 3766; x_wconf 85' lang='lat' dir='ltr'><strong>Cae-</strong></span> 
     </span>
    </p>
   </div>
   <div class='ocr_carea' id='block_1_9' title="bbox 413 3797 1490 4242">
    <p class='ocr_par' dir='ltr' id='par_1_10' title="bbox 414 3797 1490 4013">
     <span class='ocr_line' id='line_1_35' title="bbox 422 3797 1490 3856; baseline 0 -10"><span class='ocrx_word' id='word_1_265' title='bbox 422 3799 527 3847; x_wconf 80' lang='lat' dir='ltr'><strong>sari</strong></span> <span class='ocrx_word' id='word_1_266' title='bbox 567 3798 619 3846; x_wconf 90' lang='lat' dir='ltr'><strong>in</strong></span> <span class='ocrx_word' id='word_1_267' title='bbox 656 3797 925 3847; x_wconf 81' lang='lat' dir='ltr'><strong>consulatu</strong></span> <span class='ocrx_word' id='word_1_268' title='bbox 961 3797 1220 3856; x_wconf 82' lang='lat' dir='ltr'><strong>cessisset,</strong></span> <span class='ocrx_word' id='word_1_269' title='bbox 1244 3809 1345 3844; x_wconf 87' lang='lat' dir='ltr'><strong>non</strong></span> <span class='ocrx_word' id='word_1_270' title='bbox 1370 3797 1490 3848; x_wconf 79' lang='lat' dir='ltr'><strong>caio</strong></span> 
     </span>
     <span class='ocr_line' id='line_1_36' title="bbox 418 3871 1488 3936; baseline -0.003 -13"><span class='ocrx_word' id='word_1_271' title='bbox 418 3875 554 3924; x_wconf 77' lang='lat' dir='ltr'><strong>Julio</strong></span> <span class='ocrx_word' id='word_1_272' title='bbox 578 3875 782 3936; x_wconf 72' lang='lat' dir='ltr'><strong>Coesare,</strong></span> <span class='ocrx_word' id='word_1_273' title='bbox 814 3878 861 3921; x_wconf 80' lang='lat' dir='ltr'><strong>et</strong></span> <span class='ocrx_word' id='word_1_274' title='bbox 886 3871 1059 3922; x_wconf 75' lang='lat' dir='ltr'><strong>Bibulo</strong></span> <span class='ocrx_word' id='word_1_275' title='bbox 1084 3871 1375 3930; x_wconf 70' lang='lat' dir='ltr'><strong>Consulibus,</strong></span> <span class='ocrx_word' id='word_1_276' title='bbox 1394 3872 1488 3920; x_wconf 83' lang='lat' dir='ltr'><strong>sed</strong></span> 
     </span>
     <span class='ocr_line' id='line_1_37' title="bbox 414 3948 1421 4013; baseline 0 -13"><span class='ocrx_word' id='word_1_277' title='bbox 414 3951 541 4000; x_wconf 77' lang='lat' dir='ltr'><strong>Caio</strong></span> <span class='ocrx_word' id='word_1_278' title='bbox 558 3956 607 4000; x_wconf 76' lang='lat' dir='ltr'><strong>et</strong></span> <span class='ocrx_word' id='word_1_279' title='bbox 628 3951 779 4010; x_wconf 76' lang='lat' dir='ltr'><strong>Julio,</strong></span> <span class='ocrx_word' id='word_1_280' title='bbox 804 3965 897 4013; x_wconf 90' lang='lat' dir='ltr'><strong>per</strong></span> <span class='ocrx_word' id='word_1_281' title='bbox 910 3950 1093 4012; x_wconf 88' lang='lat' dir='ltr'><strong>jocum</strong></span> <span class='ocrx_word' id='word_1_282' title='bbox 1114 3948 1421 4000; x_wconf 77' lang='lat' dir='ltr'><strong>scriberent.</strong></span> 
     </span>
    </p>

    <p class='ocr_par' dir='ltr' id='par_1_11' title="bbox 413 4025 1487 4242">
     <span class='ocr_line' id='line_1_38' title="bbox 413 4025 1487 4090; baseline 0.002 -16"><span class='ocrx_word' id='word_1_283' title='bbox 413 4030 418 4036; x_wconf 83' lang='grc'><strong>”</strong></span> <span class='ocrx_word' id='word_1_284' title='bbox 466 4034 501 4089; x_wconf 41' lang='grc'><strong>,·</strong></span> <span class='ocrx_word' id='word_1_285' title='bbox 535 4027 633 4074; x_wconf 78' lang='lat' dir='ltr'><strong>Hae</strong></span> <span class='ocrx_word' id='word_1_286' title='bbox 662 4026 845 4090; x_wconf 71' lang='lat' dir='ltr'><strong>laudes]</strong></span> <span class='ocrx_word' id='word_1_287' title='bbox 911 4025 1127 4085; x_wconf 85' lang='lat' dir='ltr'><strong>Virtuti,</strong></span> <span class='ocrx_word' id='word_1_288' title='bbox 1149 4025 1408 4089; x_wconf 85' lang='lat' dir='ltr'><strong>nimirum,</strong></span> <span class='ocrx_word' id='word_1_289' title='bbox 1430 4032 1487 4076; x_wconf 92' lang='lat' dir='ltr'><strong>et</strong></span> 
     </span>
     <span class='ocr_line' id='line_1_39' title="bbox 416 4099 1485 4170; baseline 0 -21"><span class='ocrx_word' id='word_1_290' title='bbox 416 4101 540 4150; x_wconf 78' lang='lat' dir='ltr'><strong>viris</strong></span> <span class='ocrx_word' id='word_1_291' title='bbox 564 4101 757 4164; x_wconf 79' lang='lat' dir='ltr'><strong>probis,</strong></span> <span class='ocrx_word' id='word_1_292' title='bbox 778 4101 1251 4170; x_wconf 67' lang='lat' dir='ltr'><strong>quomodocumque</strong></span> <span class='ocrx_word' id='word_1_293' title='bbox 1273 4099 1448 4150; x_wconf 83' lang='lat' dir='ltr'><strong>favere</strong></span> <span class='ocrx_word' id='word_1_294' title='bbox 1470 4117 1485 4160; x_wconf 68' lang='grc' dir='ltr'><strong>ς</strong></span> 
     </span>
     <span class='ocr_line' id='line_1_40' title="bbox 414 4175 1486 4242; baseline 0.002 -19"><span class='ocrx_word' id='word_1_295' title='bbox 414 4175 543 4226; x_wconf 85' lang='lat' dir='ltr'><strong>iude</strong></span> <span class='ocrx_word' id='word_1_296' title='bbox 560 4182 761 4228; x_wconf 82' lang='lat' dir='ltr'><strong>tantum</strong></span> <span class='ocrx_word' id='word_1_297' title='bbox 794 4177 893 4228; x_wconf 79' lang='lat' dir='ltr'><strong>sibi</strong></span> <span class='ocrx_word' id='word_1_298' title='bbox 926 4177 1117 4230; x_wconf 72' lang='lat' dir='ltr'><strong>amicos</strong></span> <span class='ocrx_word' id='word_1_299' title='bbox 1152 4191 1341 4242; x_wconf 82' lang='lat' dir='ltr'><strong>parare</strong></span> <span class='ocrx_word' id='word_1_300' title='bbox 1359 4193 1377 4240; x_wconf 78' lang='lat'>3</span> <span class='ocrx_word' id='word_1_301' title='bbox 1424 4177 1486 4228; x_wconf 82' lang='lat' dir='ltr'><strong>il-</strong></span> 
     </span>
    </p>
   </div>
   <div class='ocr_carea' id='block_1_10' title="bbox 1565 3331 2644 4167">
    <p class='ocr_par' dir='ltr' id='par_1_12' title="bbox 1570 3331 2644 3860">
     <span class='ocr_line' id='line_1_41' title="bbox 1573 3331 2642 3397; baseline 0 -15"><span class='ocrx_word' id='word_1_302' title='bbox 1573 3334 1668 3397; x_wconf 79' lang='lat' dir='ltr'><strong>los,</strong></span> <span class='ocrx_word' id='word_1_303' title='bbox 1706 3331 1748 3382; x_wconf 79' lang='lat' dir='ltr'><strong>si</strong></span> <span class='ocrx_word' id='word_1_304' title='bbox 1788 3333 2016 3397; x_wconf 86' lang='lat' dir='ltr'><strong>priorem</strong></span> <span class='ocrx_word' id='word_1_305' title='bbox 2051 3331 2381 3382; x_wconf 80' lang='lat' dir='ltr'><strong>sanctitatem</strong></span> <span class='ocrx_word' id='word_1_306' title='bbox 2419 3339 2477 3382; x_wconf 86' lang='lat' dir='ltr'><strong>et</strong></span> <span class='ocrx_word' id='word_1_307' title='bbox 2510 3331 2642 3382; x_wconf 58' lang='lat' dir='ltr'><strong>vitm</strong></span> 
     </span>
     <span class='ocr_line' id='line_1_42' title="bbox 1573 3407 2644 3472; baseline -0.002 -12"><span class='ocrx_word' id='word_1_308' title='bbox 1573 3411 1926 3460; x_wconf 82' lang='lat' dir='ltr'><strong>innocentiam</strong></span> <span class='ocrx_word' id='word_1_309' title='bbox 1979 3408 2196 3472; x_wconf 81' lang='lat' dir='ltr'><strong>flagitiis</strong></span> <span class='ocrx_word' id='word_1_310' title='bbox 2251 3407 2644 3470; x_wconf 78' lang='lat' dir='ltr'><strong>maculaverint,</strong></span> 
     </span>
     <span class='ocr_line' id='line_1_43' title="bbox 1573 3486 2642 3551; baseline 0 -16"><span class='ocrx_word' id='word_1_311' title='bbox 1573 3487 1885 3551; x_wconf 84' lang='lat' dir='ltr'><strong>relinquere.</strong></span> <span class='ocrx_word' id='word_1_312' title='bbox 1988 3487 2106 3538; x_wconf 83' lang='lat' dir='ltr'><strong>Uno</strong></span> <span class='ocrx_word' id='word_1_313' title='bbox 2163 3486 2322 3536; x_wconf 84' lang='lat' dir='ltr'><strong>verbo</strong></span> <span class='ocrx_word' id='word_1_314' title='bbox 2379 3486 2530 3547; x_wconf 85' lang='lat' dir='ltr'><strong>bene,</strong></span> <span class='ocrx_word' id='word_1_315' title='bbox 2584 3491 2642 3536; x_wconf 90' lang='lat' dir='ltr'><strong>et</strong></span> 
     </span>
     <span class='ocr_line' id='line_1_44' title="bbox 1575 3561 2642 3632; baseline -0.005 -15"><span class='ocrx_word' id='word_1_316' title='bbox 1575 3567 1713 3632; x_wconf 90' lang='lat' dir='ltr'><strong>quod</strong></span> <span class='ocrx_word' id='word_1_317' title='bbox 1735 3565 2051 3617; x_wconf 89' lang='lat' dir='ltr'><strong>laudandum</strong></span> <span class='ocrx_word' id='word_1_318' title='bbox 2075 3567 2160 3630; x_wconf 83' lang='lat' dir='ltr'><strong>sit,</strong></span> <span class='ocrx_word' id='word_1_319' title='bbox 2198 3561 2382 3614; x_wconf 83' lang='lat' dir='ltr'><strong>fecisse</strong></span> <span class='ocrx_word' id='word_1_320' title='bbox 2407 3579 2461 3614; x_wconf 86' lang='lat' dir='ltr'><strong>se</strong></span> <span class='ocrx_word' id='word_1_321' title='bbox 2487 3562 2642 3628; x_wconf 81' lang='lat' dir='ltr'><strong>profi·</strong></span> 
     </span>
     <span class='ocr_line' id='line_1_45' title="bbox 1572 3639 2642 3705; baseline -0.006 -12"><span class='ocrx_word' id='word_1_322' title='bbox 1572 3650 1719 3698; x_wconf 88' lang='lat' dir='ltr'><strong>tetur</strong></span> <span class='ocrx_word' id='word_1_323' title='bbox 1743 3644 1949 3705; x_wconf 87' lang='lat' dir='ltr'><strong>Cicero,</strong></span> <span class='ocrx_word' id='word_1_324' title='bbox 1967 3658 2082 3692; x_wconf 91' lang='lat' dir='ltr'><strong>cum</strong></span> <span class='ocrx_word' id='word_1_325' title='bbox 2102 3641 2229 3690; x_wconf 87' lang='lat' dir='ltr'><strong>nulli</strong></span> <span class='ocrx_word' id='word_1_326' title='bbox 2251 3656 2305 3690; x_wconf 79' lang='lat' dir='ltr'><strong>se</strong></span> <span class='ocrx_word' id='word_1_327' title='bbox 2327 3641 2400 3690; x_wconf 84' lang='lat' dir='ltr'><strong>ita</strong></span> <span class='ocrx_word' id='word_1_328' title='bbox 2422 3639 2642 3704; x_wconf 84' lang='lat' dir='ltr'><strong>addixit,</strong></span> 
     </span>
     <span class='ocr_line' id='line_1_46' title="bbox 1571 3717 2641 3783; baseline -0.004 -16"><span class='ocrx_word' id='word_1_329' title='bbox 1571 3720 1715 3783; x_wconf 89' lang='lat' dir='ltr'><strong>quin,</strong></span> <span class='ocrx_word' id='word_1_330' title='bbox 1761 3719 1964 3768; x_wconf 81' lang='lat' dir='ltr'><strong>virtutis</strong></span> <span class='ocrx_word' id='word_1_331' title='bbox 2009 3725 2064 3767; x_wconf 86' lang='lat' dir='ltr'><strong>et</strong></span> <span class='ocrx_word' id='word_1_332' title='bbox 2117 3717 2436 3781; x_wconf 68' lang='lat' dir='ltr'><strong>Reipublicae</strong></span> <span class='ocrx_word' id='word_1_333' title='bbox 2479 3728 2641 3765; x_wconf 82' lang='lat' dir='ltr'><strong>causa</strong></span> 
     </span>
     <span class='ocr_line' id='line_1_47' title="bbox 1570 3794 2520 3860; baseline -0.005 -15"><span class='ocrx_word' id='word_1_334' title='bbox 1570 3796 1800 3860; x_wconf 87' lang='lat' dir='ltr'><strong>ejusdem</strong></span> <span class='ocrx_word' id='word_1_335' title='bbox 1823 3794 2175 3846; x_wconf 76' lang='lat' dir='ltr'><strong>adversarium</strong></span> <span class='ocrx_word' id='word_1_336' title='bbox 2197 3799 2520 3856; x_wconf 80' lang='lat' dir='ltr'><strong>sequeretur.</strong></span> 
     </span>
    </p>

    <p class='ocr_par' dir='ltr' id='par_1_13' title="bbox 1567 3868 2641 4012">
     <span class='ocr_line' id='line_1_48' title="bbox 1633 3868 2641 3933; baseline -0.007 -11"><span class='ocrx_word' id='word_1_337' title='bbox 1633 3872 1648 3903; x_wconf 72' lang='lat'>‘</span> <span class='ocrx_word' id='word_1_338' title='bbox 1699 3870 1980 3933; x_wconf 72' lang='lat' dir='ltr'><strong>Temeritas]</strong></span> <span class='ocrx_word' id='word_1_339' title='bbox 2051 3871 2171 3924; x_wconf 76' lang='lat' dir='ltr'><strong>Cum</strong></span> <span class='ocrx_word' id='word_1_340' title='bbox 2205 3870 2266 3917; x_wconf 40' lang='lat' dir='ltr'><strong>,id</strong></span> <span class='ocrx_word' id='word_1_341' title='bbox 2305 3873 2360 3918; x_wconf 75' lang='lat' dir='ltr'><strong>tu</strong></span> <span class='ocrx_word' id='word_1_342' title='bbox 2404 3868 2641 3930; x_wconf 69' lang='lat' dir='ltr'><strong>vituperes</strong></span> 
     </span>
     <span class='ocr_line' id='line_1_49' title="bbox 1567 3947 2070 4012; baseline -0.008 -14"><span class='ocrx_word' id='word_1_343' title='bbox 1567 3951 1689 4012; x_wconf 77' lang='lat' dir='ltr'><strong>quod</strong></span> <span class='ocrx_word' id='word_1_344' title='bbox 1713 3948 1844 4000; x_wconf 70' lang='lat' dir='ltr'><strong>laudi</strong></span> <span class='ocrx_word' id='word_1_345' title='bbox 1863 3947 2070 3998; x_wconf 73' lang='lat' dir='ltr'><strong>ducitur.</strong></span> 
     </span>
    </p>

    <p class='ocr_par' dir='ltr' id='par_1_14' title="bbox 1565 4015 2636 4167">
     <span class='ocr_line' id='line_1_50' title="bbox 1631 4015 2636 4087; baseline -0.005 -15"><span class='ocrx_word' id='word_1_346' title='bbox 1631 4033 1654 4057; x_wconf 68' lang='lat' dir='ltr'>V</span> <span class='ocrx_word' id='word_1_347' title='bbox 1687 4025 1953 4087; x_wconf 77' lang='lat' dir='ltr'><strong>Patienda]</strong></span> <span class='ocrx_word' id='word_1_348' title='bbox 1986 4019 2392 4084; x_wconf 74' lang='lat' dir='ltr'><strong>Obscoenissima</strong></span> <span class='ocrx_word' id='word_1_349' title='bbox 2413 4024 2468 4070; x_wconf 85' lang='lat' dir='ltr'><strong>et</strong></span> <span class='ocrx_word' id='word_1_350' title='bbox 2488 4015 2636 4082; x_wconf 77' lang='lat' dir='ltr'><strong>flagi·</strong></span> 
     </span>
     <span class='ocr_line' id='line_1_51' title="bbox 1565 4096 2212 4167; baseline 0 -17"><span class='ocrx_word' id='word_1_351' title='bbox 1565 4099 1842 4152; x_wconf 71' lang='lat' dir='ltr'><strong>tiosissiina</strong></span> <span class='ocrx_word' id='word_1_352' title='bbox 1861 4096 2212 4167; x_wconf 76' lang='lat' dir='ltr'><strong>reprehendit.</strong></span> 
     </span>
    </p>
   </div>
  </div>
 </body>
</html>
