2930 4758
994 294 1480 357 FRAGMENTA,
1527 294 1674 344 ms.
1721 296 1770 343 ι.
2345 279 2490 375 973

274 436 561 517 exactis,
580 434 753 503 dum
770 442 985 503 metus
1010 458 1056 503 a
1080 438 1472 523 Tarquinios
1499 432 1566 504 et
1589 438 1832 533 bellum
1859 444 2062 519 ‘grave
2093 424 2246 503 cum
2273 437 2492 508 Etru-

274 542 400 606 ria‘
445 540 737 655 positum
772 544 895 617 est,
950 558 1149 641 aequo
1194 545 1263 604 et
1305 538 1607 605 modesto
1652 540 1804 625 jure
1855 540 2214 633 agitatum:
2197 550 2244 579 ·⁸
2313 543 2470 610 dein

276 637 497 707 servili
536 640 819 725 imperio
845 634 1067 725 patres
1094 640 1357 724 plebem
1385 636 1725 719 exercere,
1757 640 1842 705 de
1865 640 2010 705 vita
2039 646 2238 725 atque
2267 648 2473 727 tergo⁸

278 742 459 824 regio
498 762 677 807 more
728 741 1109 805 consulere:
1174 760 1331 823 agro
1368 741 1638 824 pellere,
1667 746 1754 819 et,
1785 742 2020 807 ceteris
2068 745 2475 841 expertibus,

280 842 407 905 soli
432 843 504 905 in
527 838 807 925 imperio
836 838 1049 924 agere.
1138 840 1403 919 Quibus
1433 842 1742 921 saevitiiS,
1785 849 1852 908 et
1877 844 2172 907 maxime
2199 834 2476 913 frenoris

280 960 475 1009 onere
502 962 821 1027 oppressa
844 943 1097 1028 plebes,
1128 962 1279 1007 cum
1310 944 1598 1007 assiduis
1627 944 1818 1009 bellis
1845 945 2160 1009 tributum
2191 948 2392 1011 simul
2411 954 2532 1013 ets.

277 1042 577 1109 militiam
624 1045 955 1122 toleraret,
1005 1049 1261 1109 armata
1309 1050 1598 1110 montem
1645 1034 1928 1111 sacrumt
1976 1051 2176 1129 ‘atque
2205 1045 2482 1143 Aventi-

273 1164 436 1208 num
484 1146 744 1210 insedit.
830 1144 1137 1228 Tumque
1182 1145 1546 1210 Tribunos¹'
1593 1146 1804 1229 plebis
1855 1151 1920 1210 et
1967 1147 2104 1211 alia
2153 1147 2287 1213 sibi
2323 1136 2484 1231 jura

275 1248 554 1328 paravit.
670 1245 1177 1315 Discordiarmn
1230 1251 1296 1309 et
1352 1246 1724 1311 certaminis
1778 1248 2102 1331 utrimque
2151 1248 2300 1315 finis
2353 1248 2524 1315 fuit.

280 1347 645 1411 secundum
672 1347 919 1412 bellum
950 1348 1302 1412 Punicum.
1394 1346 1732 1431 Augu-stin.

368 1446 761 1530 Postquam,
792 1448 1044 1511 remoto
1071 1453 1250 1511 metu
1289 1444 1574 1526 Ριιιιίοο,
1603 1449 1970 1515 simultates
2015 1439 2320 1519 exercere
2365 1474 2484 1521 va-

282 1567 486 1613 cuum
532 1546 685 1624 fuit,
741 1546 1047 1629 plurimae
1102 1548 1337 1625 turbae,
1380 1547 1761 1626 seditiones,
1814 1555 1883 1614 et
1933 1553 2020 1615 ad
2077 1559 2486 1635 postremum

280 1650 465 1715 bella
508 1650 737 1713 civilia
782 1655 933 1714 orta
985 1656 1179 1715 sunt:
1254 1650 1411 1715 dum
1463 1651 1668 1733 pauci
1717 1656 2040 1733 potentes,
2090 1673 2370 1737 quorum
2415 1657 2488 1720 in

282 1750 533 1834 gratia*
586 1750 888 1835 plerique
946 1751 1429 1830 concesserant,
1488 1752 1613 1820 sub
1673 1752 1981 1823 honesto¹
2037 1752 2304 1837 patru‘m
2369 1760 2486 1820 aut

281 1853 499 1937 plebis
542 1852 831 1931 nomine,
880 1852 1359 1919 dominationes
1409 1853 1826 1932 affectabant,
1880 1856 2172 1940 bonique
2217 1861 2285 1921 et
2327 1856 2486 1921 mali

284 1955 468 2021 cives
520 1954 859 2037 appellati,
908 1976 1041 2021 non
1088 1958 1204 2021 ob'
1232 1956 1474 2022 merita
1521 1956 1594 2019 in
1643 1958 2145 2039 rempublicam,
2177 1958 2482 2025 omnibus

284 2058 533 2141 pariter
560 2058 905 2139 corruptis,
932 2058 1053 2122 sed
1095 2060 1199 2125 uti
1244 2059 1526 2143 quisque
1565 2058 2125 2142 locupletissimus
2149 2067 2217 2127 et
2241 2062 2335 2145 inj
2343 2063 2488 2135 uria.

284 2158 609 2223 validior:
672 2161 833 2244 quia
864 2161 1245 2242 praesentia!
1271 2158 1684 2238 defendebat,
1715 2180 1838 2243 pro
1881 2163 2056 2227 bono
2103 2163 2487 2229 ducebatur.

286 2258 397 2325 Ex
426 2279 559 2343 quo
587 2265 907 2343 tempore⁸
954 2261 1281 2345 majorum
1328 2280 1552 2325 mores
1593 2262 1730 2325 'non
1771 2265 2118 2344 paulatim,
2149 2269 2222 2327 ut
2268 2270 2486 2344 antea,

287 2360 405 2426 sed
434 2362 734 2428 torrentis
760 2362 959 2428 modo
988 2361 1397 2452 praecipitati
1420 2370 1465 2422 ι·
1523 2360 1692 2426 adeo
1727 2363 2044 2446 juventus
2088 2364 2254 2428 luxu
2291 2369 2490 2448 atque

286 2464 565 2568 avaritia
593 2469 908 2546 corrupta
952 2470 1080 2544 est,
1106 2466 1203 2529 uti
1245 2466 1480 2530 merito
1519 2463 1796 2544 dicatur,
1851 2468 2104 2546 genitos
2149 2483 2319 2545 esse,
2373 2467 2488 2551 qui

350 2644 572 2708 ‘Neque
588 2645 790 2708 amplius
810 2646 993 2696 Romae
1010 2647 1248 2709 agitatum
1282 2653 1353 2698 est
1382 2662 1512 2711 oequo
1533 2651 1580 2696 et
1601 2648 1806 2696 modesto
1828 2646 1963 2709 jure,
1981 2661 2122 2710 quam
2140 2648 2252 2696 dum
2281 2652 2431 2700 metus
2456 2664 2490 2698 a

292 2707 636 2772 Tarquinio,et
656 2709 823 2758 bellum
834 2725 985 2780 pave
1002 2712 1210 2776 positum
1230 2717 1302 2762 est
1320 2728 1425 2768 cum
1448 2711 1671 2775 Etruria,
1689 2715 1934 2776 postquam
1954 2726 2090 2774 reges
2103 2713 2231 2778 pulsi
2253 2717 2421 2763 essent.

1280 2871 1498 2925 NOTAE

352 3001 377 3036 ³
410 2994 689 3059 Tarquinio]
753 2994 981 3060 Superbo,
1014 2994 1237 3058 scilieet,
1266 3009 1344 3044 re-

290 3085 409 3135 gum
431 3072 779 3120 Romanorum
800 3077 1083 3134 postremo,
1120 3070 1209 3134 qui
1245 3084 1349 3120 uns

287 3161 405 3216 curn
438 3145 557 3194 filiis
592 3146 838 3194 adversus
872 3147 1131 3194 Romanos
1154 3135 1349 3195 bellum

287 3220 469 3279 movit,
490 3233 577 3269 eos
595 3235 750 3269 manu
765 3220 817 3268 in
836 3233 1049 3282 regnum
1068 3219 1350 3270 reducente

288 3297 621 3344 Etruscorum
642 3307 762 3357 rege
783 3296 1033 3345 Porsena.

352 3371 631 3434 'Etr-uria]
694 3371 865 3424 Italiae
904 3371 1045 3435 regio
1089 3371 1157 3420 ad
1192 3370 1350 3420 Urbis

290 3444 598 3497 Occiduum.
666 3445 839 3496 Hodie
860 3447 1077 3496 Τοεοαιιε.

352 3527 371 3553 ·
409 3520 579 3585 Terga]
644 3521 779 3574 Quia
813 3521 1113 3572 verberibus
1136 3521 1187 3570 in
1209 3522 1351 3570 dam-

286 3602 437 3647 natos
458 3597 756 3648 saeviebant.

354 3673 371 3704 ⁸
401 3671 623 3734 Sacrum]
660 3673 964 3736 Capitolium.

354 3745 645 3808 meum]
683 3747 791 3796 Per
814 3749 1349 3812 quosspotentiornm

289 3822 479 3886 injuria
503 3822 600 3871 tuti
623 3823 898 3886 agitarent.

354 3905 389 3930 w
421 3897 483 3946 In
499 3897 685 3960 gratia]
750 3897 1032 3948 Arusianus
1057 3915 1087 3948 a
1108 3899 1353 3950 Sallustio

291 3971 491 4023 dictum
510 3977 657 4022 notat
674 3973 917 4024 concedere
932 3974 983 4022 in
1000 3975 1181 4036 gratia.
1244 3975 1351 4024 Au-

294 4047 545 4112 gustinus,
568 4048 653 4112 qui
685 4047 1032 4110 fragmentum
1064 4050 1161 4100 hoc
1184 4054 1350 4100 totum

291 4123 634 4185 conservavit,
674 4124 728 4172 in
760 4126 973 4187 gratiam
1012 4131 1349 4188 succeserunt,

422 4204 597 4270 Delph.
618 4208 667 4256 et
695 4205 812 4256 Ver.
835 4206 963 4258 cue.

1427 2991 1680 3056 scriptum
1703 2991 1927 3056 reliquit.
2000 2996 2003 2999 ’

1491 3073 1519 3098 ¹
1551 3065 1650 3115 Sub
1672 3065 1882 3128 humeto]
1915 3066 2102 3114 Patres
2123 3078 2217 3127 pro
2238 3063 2490 3129 dignitate

1427 3143 1667 3204 Senatus,
1684 3142 1902 3191 Tribuni
1937 3156 2032 3204 pro
2053 3140 2300 3190 libertate
2322 3141 2490 3205 plebis

1431 3220 1554 3268 dum
1575 3217 1891 3268 contendere
1913 3217 2245 3281 videbantur,
2271 3217 2489 3283 quisque

1430 3307 1526 3357 pro
1545 3293 1706 3356 gloria
1725 3306 1817 3340 sua
1837 3292 2091 3342 certabat.

1495 3375 1518 3412 ι
1554 3368 1684 3424 Quia
1697 3367 1975 3430 praesentia]
1999 3368 2137 3418 Hinc
2159 3367 2360 3430 discere
2378 3383 2492 3434 pos-

1362 3449 1369 3460 ·
1430 3443 1674 3508 sunt-qui
1697 3443 2015 3505 Reipublicae
2038 3443 2252 3494 student
2273 3460 2494 3495 commo·

1431 3518 1702 3584 diuitibus,
1769 3527 1962 3585 quanto
2027 3537 2142 3572 cum
2212 3523 2492 3586 molimine,

1430 3604 1727 3662 quantaque
1768 3596 2042 3659 prudentia
2079 3612 2145 3646 ex
2189 3598 2491 3662 praedonum

1428 3673 1660 3740 manibus
1683 3685 1746 3720 ea
1768 3672 1836 3720 sit
1859 3672 2185 3722 retrahenda.

1494 3757 1514 3781 ²
1547 3740 1631 3796 Ex
1651 3763 1738 3810 quo
1758 3748 1985 3810 tempore]
2051 3748 2181 3799 Haec
2215 3763 2328 3796 cum
2361 3761 2492 3811 prae·

1432 3823 1738 3873 cedentibus
1779 3837 1880 3872 una
1917 3823 2049 3872 serie
2077 3838 2178 3873 non
2199 3822 2362 3872 refert
2382 3821 2508 3872 Au·-

1432 3900 1681 3964 gustinuS.

1456 3989 1465 3998 ·
1497 3979 1520 4006 ⁸
1555 3973 1874 4038 Proecipitati]
1906 3975 2062 4024 Hunc
2085 3975 2253 4023 locum
2278 3973 2491 4038 diligen-

1430 4055 1514 4099 ter
1535 4053 1820 4100 excussisse
1842 4067 1941 4100 non
1965 4049 2368 4114 p'oenitebit‘eos,
2401 4049 2490 4115 qui

1431 4124 1498 4174 ad
1516 4127 1836 4192 Reipublicae
1861 4126 2044 4177 sedent
2066 4125 2424 4192 gubernacula.

1284 4205 1483 4256 Saum.
2320 4206 2359 4254 S
