2930 4758
396 242 535 315 ⁸44

400 408 487 477 Id
512 408 611 475 ita
634 406 913 485 eveniet,
944 406 1005 471 si
1030 412 1365 473 sumtuum
1384 413 1451 473 et
1478 410 1860 492 rapinarum
1884 409 2236 475 licentiam
2261 411 2622 491 demseris3

400 532 537 577 non
580 510 669 577 ad
716 517 946 576 vetera
991 512 1311 575 instituta*
1354 528 1700 589 revocans,
1747 530 1900 595 quae
1939 512 2084 595 jam
2133 515 2436 596 pridem,
2489 531 2626 577 cor-

399 616 609 698 ruptis
650 615 985 691 moribus,
1015 613 1301 677 ludibrio
1354 622 1506 677 suut
1533 635 1552 693 3
1625 614 1743 677 sed
1803 615 1861 677 si
1915 633 2110 678 suam
2173 616 2440 698 cuique
2501 636 2628 679 rem

401 717 796 782 familiarem
839 716 1035 779 finem
1078 722 1412 781 sumtuum
1442 717 1750 781 statueris
1767 714 1818 783 :¹²
1865 718 2180 800 quoniam
2231 720 2296 782 is
2351 719 2634 784 incessit

402 837 571 897 moS,
598 824 673 881 ut
695 814 996 883 homin‘es
1025 814 1548 895 adolescentuli,i
1575 836 1702 881 sua
1731 825 1931 901 atque
1960 820 2178 883 aliena
2207 839 2629 898 consumere,

399 920 560 985 nihil
608 920 915 997 lubidini,
962 926 1159 1004 atque
1212 921 1363 983 aliis
1415 922 1822 1003 rogantibus,
1870 921 2218 1004 denegare,
2265 922 2633 1005 pulcherri-

402 1040 587 1085 mum
617 1029 882 1104 putent:
928 1018 1093 1085 earni
1118 1021 1453 1099 virtutem,
1480 1016 2091 1104 et'magnitudinem
2119 1026 2370 1106 animi3
2419 1025 2634 1107 pudo-

402 1142 540 1189 rem
568 1132 769 1207 atque
798 1124 1199 1189 modestiam
1230 1142 1355 1207 pro
1375 1124 1680 1189 secordia
1709 1127 2062 1189 aestiment.
2153 1126 2340 1209 Ergo
2367 1128 2632 1191 animus

401 1226 613 1304 ferox,
674 1245 887 1310 prava
936 1227 1049 1289 via
1096 1226 1461 1308 ingressuS,
1513 1228 1631 1291 ubi
1683 1233 1998 1292 consueta
2045 1248 2177 1291 non
2232 1234 2632 1311 suppetunt,

402 1328 609 1392 fertur
638 1347 961 1393 accensus
989 1329 1060 1392 iu
1086 1330 1307 1393 socios
1334 1328 1564 1407 modo,
1587 1330 1791 1394 modo
1811 1330 1880 1392 in
1907 1331 2090 1395 cives
2110 1326 2158 1394 ε*
2183 1335 2426 1395 movet
2455 1350 2638 1393 com-

403 1430 653 1514 posita,
682 1436 749 1495 et
789 1450 893 1495 res
939 1450 1154 1497 novas
1200 1426 1564 1495 veteribusk
1612 1431 1924 1513 acquirit.
2015 1428 2246 1508 Quare
2274 1428 2639 1495 tollendus¹

403 1532 757 1597 foenerator
783 1534 853 1597 in
880 1539 1241 1617 posterum,
1272 1531 1369 1595 uti
1418 1550 1580 1595 suas
1631 1532 1918 1615 quisque
1960 1524 2068 1596 res
2097 1551 2442 1597 curemus.
2533 1532 2638 1597 Ea

404 1654 561 1700 vera
588 1640 791 1719 atque
816 1634 1105 1719 simplex
1132 1634 1247 1697 via
1268 1637 1397 1709 est,
1441 1633 1904 1714 magistratum
1927 1633 2208 1718 popule,
2240 1652 2383 1698 non
2417 1634 2637 1699 credi-

402 1739 553 1816 tori,
574 1757 827 1820 gerere3
858 1742 927 1803 et
954 1733 1474 1820 magnitudinem
1499 1735 1703 1799 animi
1732 1734 1801 1797 in
1829 1734 2159 1813 addendo,
2189 1754 2326 1799 non
2361 1736 2634 1801 demen-

408 1838 539 1903 dotn
566 1841 730 1923 reip.
762 1838 1126 1905 ostendere.

495 1938 718 2023 Atque
745 1961 868 2023 ego
898 1942 1071 2017 scio,
1120 1959 1322 2023 quam
1360 1958 1603 2023 aspera
1626 1939 1774 2004 haec
1803 1958 1910 2003 res
1934 1939 2004 2002 in
2031 1939 2374 2023 principio
2403 1940 2637 2007 futura

406 2041 538 2118 sit,‘
566 2041 942 2124 praesertim
987 2040 1113 2119 iis,
1142 2041 1260 2123 qui
1310 2060 1386 2103 se
1432 2041 1506 2103 in
1531 2040 1818 2105 victoria
1841 2040 2148 2105 licentius
2190 2042 2635 2127 liberiusque,

407 2162 611 2229 quam
640 2143 869 2221 artiuS,
899 2141 1159 2207 futuros
1188 2141 1565 2207 credebant.
1625 2139 1960 2219 ·Quorum
2007 2143 2068 2206 si
2115 2144 2319 2208 saluti
2368 2147 2636 2228 potius,

410 2264 611 2329 quam
638 2243 925 2311 lubidini
954 2245 1306 2327 consules3
1351 2245 1634 2327 illosque
1661 2262 1920 2326 nosque
1967 2251 2034 2310 et
2079 2247 2304 2311 socios
2351 2248 2424 2311 in
2455 2267 2638 2332 pace

1186 261 1289 310 An
1336 262 1406 311 c.
1448 259 1822 311 cAESARnu

473 2455 500 2489 ⁸
536 2456 613 2505 Ob
634 2455 900 2506 tumeam
930 2455 1273 2514 animasse-ox
1291 2455 1533 2518 ingressu·
1561 2469 1714 2519 prava
1733 2455 1832 2518 via,
1867 2453 1950 2505 ubi
1981 2459 2198 2505 consueta
2229 2471 2326 2504 non
2357 2462 2639 2523 appeunt,

398 2521 563 2582 fertur
578 2537 813 2586 accensus,
832 2523 963 2571 modo
986 2522 1037 2571 in
1058 2521 1221 2586 socios,
1240 2523 1323 2585 ᾂτ.

1392 2663 1618 2719 NOTAE

474 2774 500 2808 8
532 2761 790 2828 Instituta]
845 2767 931 2816 De
951 2767 1249 2817 sumtum-iis
1272 2765 1478 2830 legibus

408 2842 657 2909 loquitur,
698 2856 826 2906 quas
866 2843 1108 2892 adversus
1154 2848 1477 2906 grassantem

1556 2765 1772 2815 tentiam
1824 2778 1968 2814 suam
2022 2764 2358 2828 expresserit.
2443 2764 2638 2814 Petita

1556 2857 1641 2892 res
1662 2849 1742 2891 est
1761 2855 1828 2891 ex
1850 2841 1976 2905 ipsis
1991 2847 2192 2890 natura».
2217 2839 2526 2903 visceribus,
2539 2840 2636 2889 ubi

408 2917 799 2982 corruptionem
822 2917 947 2968 satis
972 2917 1142 2968 firmas
1164 2933 1265 2967 non
1287 2917 1476 2968 credit.

474 2993 502 3028 ²²
535 2993 800 3056 Statuen‘s]
838 2990 1133 3042 Discordia
1155 2993 1292 3054 vires
1313 2993 1476 3043 maxi-

411 3086 522 3121 mas
576 3068 914 3133 subtraxerit,
954 3069 1045 3134 qui
1091 3068 1190 3119 hoc
1232 3068 1478 3119 Auctoris

415 3146 613 3198 monito
630 3145 710 3194 uti
728 3144 994 3197 didicerit.
1035 3145 1111 3195 Ut
1128 3145 1264 3195 enim
1280 3145 1478 3209 optime

412 3225 617 3286 Florus,
654 3221 946 3288 Mag-nificat
970 3227 1229 3286 apparatus
1248 3221 1480 3272 convivio-

410 3317 540 3362 rum,
558 3305 607 3350 et
622 3303 856 3348 sumtum
875 3298 1091 3361 largitio,
1117 3313 1269 3348 nonne
1286 3298 1347 3348 ‹21›
1364 3313 1480 3360 opu-

414 3377 579 3441 lentia,
611 3375 831 3439 pat-itura
864 3390 977 3424 mox
1012 3373 1304 3437 egestatem?
1354 3375 1479 3426 Hoec

418 3453 679 3503 Catilinam
700 3451 891 3500 Putria*
906 3466 1005 3502 σακε
1022 3451 1242 3514 impegit.

478 3529 492 3562 ¹
524 3527 899 3590 Motene-enneli]
966 3527 1181 3578 Utinam
1201 3525 1478 3591 aliquando

416 3603 557 3670 apud
594 3602 747 3651 Viros
768 3601 1045 3667 Principes
1084 3615 1148 3652 ea
1185 3614 1359 3650 rerum
1390 3602 1480 3649 hu-

414 3693 682 3730 manarum
703 3689 831 3726 cura
851 3677 1131 3739 exoriatur,
1154 3683 1213 3725 ut
1251 3681 1369 3740 post
1404 3674 1481 3724 fu-

416 3756 551 3808 turis
588 3753 880 3817 consulant,
910 3751 1032 3803 dum
1055 3753 1371 3803 venientium
1406 3752 1482 3802 in-

414 3832 680 3884 stitutioni
702 3828 1038 3894 prospicient.

478 3909 499 3956 J
530 3908 680 3972 Eum]
747 3903 811 3955 Id
833 3913 930 3969 est,
948 3906 1003 3954 in
1021 3919 1075 3954 eo
1087 3905 1307 3968 positam.

480 3983 509 4024 ¹¹
547 3983 815 4046 Veteribus]
879 3984 997 4033 Hoc
1010 3989 1115 4044 est,
1134 3981 1307 4031 Aliena
1324 3996 1486 4030 consu·

418 4058 603 4126 nendo,
620 4062 743 4112 nihil
756 4059 957 4110 midine
970 4060 1258 4122 mundo.
1326 4059 1484 4109 Cete-

420 4152 534 4195 rum
557 4136 679 4190 ride
698 4135 843 4202 mihi,
873 4150 1070 4202 quaeso,
1092 4135 1351 4203 quomodo
1371 4137 1485 4186 sen2

1557 2917 1727 2966 omnia
1747 2916 1930 2966 iisdem
1953 2923 2328 2966 conservantur
2352 2914 2636 2979 principiis

1558 2991 1743 3056 quibus
1767 2997 2020 3056 generata
2055 2997 2191 3041 sunt.
2255 2992 2460 3039 Verum
2471 2991 2633 3055 jocus

1559 3074 1640 3119 est
1677 3083 1744 3119 ex
1786 3083 1960 3118 rerum
1995 3075 2234 3118 veterum
2277 3074 2334 3116 et
2377 3081 2634 3116 novarum

1559 3145 1925 3209 oppositione3
1969 3159 2099 3209 ·quae
2153 3159 2218 3194 eo
2273 3143 2461 3198 minus,
2493 3143 2634 3192 bene

1559 3221 1848 3284 composita
1869 3218 2130 3283 videntur,
2163 3219 2302 3284 quod
2339 3233 2410 3268 ex
2439 3219 2636 3268 veteri-

1558 3296 1656 3346 bus
1677 3311 1812 3347 nova
1833 3311 1936 3347 non
1953 3297 2156 3346 soleant
2175 3307 2463 3358 emergere.

1621 3370 1635 3404 ¹
1671 3373 1942 3436 Tollenda]
2006 3372 2158 3422 Istud
2195 3378 2342 3422 certe
2382 3371 2628 3421 maximae

1559 3457 1642 3499 est
1669 3449 2069 3515 disquisitionis:
2105 3449 2270 3499 multa
2286 3449 2422 3498 enim
2439 3450 2636 3499 incom-

1559 3526 1714 3576 moda
1735 3541 1802 3576 ex
1831 3524 2030 3576 foeuore
2065 3526 2235 3590 tangit
2263 3525 2556 3588 Sallustius,
2573 3525 2628 3574 in

1559 3619 1622 3653 eo
1665 3603 1853 3654 abusus
1897 3603 2176 3667 plurimun
2209 3608 2463 3664 attamen,
2503 3617 2628 3666 quo-

1561 3679 1711 3742 modo
1735 3681 1789 3729 in
1803 3685 1970 3730 totum
1995 3679 2109 3728 tolli
2131 3679 2314 3743 possit,
2329 3693 2438 3729 non
2457 3680 2628 3731 video.

1557 3765 1564 3782 '
1625 3761 1662 3788 Ε·
1695 3755 1810 3804 Non
1839 3753 2088 3818 demendo]
2155 3755 2326 3819 Magis
2348 3756 2492 3806 istud
2515 3757 2630 3806 rhe-

1562 3831 1730 3882 torice
1789 3845 1942 3896 qnam
1989 3830 2198 3895 politice
2241 3831 2472 3892 dictum3
2527 3832 2630 3881 nisi

1565 3909 1837 3958 Sallustius
1871 3907 2043 3956 nimiae
2077 3905 2444 3956 foeneratorum
2465 3907 2629 3956 licen-

1562 3985 1650 4034 tiae
1673 3983 1880 4033 obviam
1896 3983 1974 4033 ire
1995 3991 2212 4032 conatus
2229 3989 2327 4034 est.
2375 3983 2630 4034 Quamvis

1561 4059 1700 4109 enlm
1735 4058 1932 4124 aliquid
1977 4058 2199 4110 videaris
2251 4057 2483 4108 debitori
2526 4073 2628 4122 per

1562 4135 1726 4187 foenus
1757 4135 2056 4202 detrahere,
2079 4150 2176 4202 per
2208 4133 2346 4186 idem
2385 4133 2462 4185 im
2485 4149 2630 4200 saepe
