<?xml version="1.0" encoding="UTF-8"?>
<!DOCTYPE html PUBLIC "-//W3C//DTD XHTML 1.0 Transitional//EN"
    "http://www.w3.org/TR/xhtml1/DTD/xhtml1-transitional.dtd">
<html xmlns="http://www.w3.org/1999/xhtml" xml:lang="en" lang="en">
 <head>
  <title>
</title>
<meta http-equiv="Content-Type" content="text/html;charset=utf-8" />
  <meta name='ocr-system' content='tesseract 3.04.00' />
  <meta name='ocr-capabilities' content='ocr_page ocr_carea ocr_par ocr_line ocrx_word'/>
</head>
<body>
  <div class='ocr_page' id='page_1' title='image "./ccrispisallusti01clergoog_0355.png"; bbox 0 0 2930 4758; ppageno 0'>
   <div class='ocr_carea' id='block_1_1' title="bbox 869 304 2514 409">
    <p class='ocr_par' dir='ltr' id='par_1_1' title="bbox 869 304 2514 409">
     <span class='ocr_line' id='line_1_1' title="bbox 869 304 2514 409; baseline 0 -38"><span class='ocrx_word' id='word_1_1' title='bbox 869 323 969 371; x_wconf 76' lang='lat' dir='ltr'><strong>DE</strong></span> <span class='ocrx_word' id='word_1_2' title='bbox 1017 322 1182 372; x_wconf 63' lang='grc' dir='ltr'><strong>κει».</strong></span> <span class='ocrx_word' id='word_1_3' title='bbox 1230 305 1855 409; x_wconf 67' lang='lat' dir='ltr'><strong>qnnmANnA&#39;nr.</strong></span> <span class='ocrx_word' id='word_1_4' title='bbox 1901 321 1952 368; x_wconf 84' lang='lat' dir='ltr'><strong>r.</strong></span> <span class='ocrx_word' id='word_1_5' title='bbox 2382 304 2514 371; x_wconf 80' lang='lat'><strong>341</strong></span> 
     </span>
    </p>
   </div>
   <div class='ocr_carea' id='block_1_2' title="bbox 291 467 2516 1984">
    <p class='ocr_par' dir='ltr' id='par_1_2' title="bbox 291 467 2516 1984">
     <span class='ocr_line' id='line_1_2' title="bbox 307 467 2516 556; baseline 0 -19"><span class='ocrx_word' id='word_1_6' title='bbox 307 491 460 537; x_wconf 88' lang='lat' dir='ltr'><strong>cum</strong></span> <span class='ocrx_word' id='word_1_7' title='bbox 485 470 743 536; x_wconf 87' lang='lat' dir='ltr'><strong>homine</strong></span> <span class='ocrx_word' id='word_1_8' title='bbox 774 467 999 549; x_wconf 80' lang='lat' dir='ltr'><strong>claro,l</strong></span> <span class='ocrx_word' id='word_1_9' title='bbox 1047 468 1305 553; x_wconf 86' lang='lat' dir='ltr'><strong>maguis</strong></span> <span class='ocrx_word' id='word_1_10' title='bbox 1345 467 1613 551; x_wconf 75' lang='lat' dir='ltr'><strong>opibus„</strong></span> <span class='ocrx_word' id='word_1_11' title='bbox 1644 467 1844 534; x_wconf 85' lang='lat' dir='ltr'><strong>avido</strong></span> <span class='ocrx_word' id='word_1_12' title='bbox 1889 467 2231 551; x_wconf 77' lang='lat' dir='ltr'><strong>potentiae,</strong></span> <span class='ocrx_word' id='word_1_13' title='bbox 2261 470 2516 556; x_wconf 75' lang='lat' dir='ltr'><strong>majore</strong></span> 
     </span>
     <span class='ocr_line' id='line_1_3' title="bbox 302 572 2514 659; baseline 0 -21"><span class='ocrx_word' id='word_1_14' title='bbox 302 574 588 654; x_wconf 84' lang='lat' dir='ltr'><strong>fortuna,</strong></span> <span class='ocrx_word' id='word_1_15' title='bbox 620 596 818 658; x_wconf 86' lang='lat' dir='ltr'><strong>quam</strong></span> <span class='ocrx_word' id='word_1_16' title='bbox 850 576 1213 659; x_wconf 82' lang='lat' dir='ltr'><strong>sapientia:</strong></span> <span class='ocrx_word' id='word_1_17' title='bbox 1262 592 1459 655; x_wconf 86' lang='lat' dir='ltr'><strong>quem</strong></span> <span class='ocrx_word' id='word_1_18' title='bbox 1489 572 1706 635; x_wconf 89' lang='lat' dir='ltr'><strong>secuti</strong></span> <span class='ocrx_word' id='word_1_19' title='bbox 1735 574 1887 635; x_wconf 90' lang='lat' dir='ltr'><strong>sunt</strong></span> <span class='ocrx_word' id='word_1_20' title='bbox 1915 573 2140 654; x_wconf 86' lang='lat' dir='ltr'><strong>pauci,</strong></span> <span class='ocrx_word' id='word_1_21' title='bbox 2172 593 2292 656; x_wconf 89' lang='lat' dir='ltr'><strong>per</strong></span> <span class='ocrx_word' id='word_1_22' title='bbox 2321 592 2514 640; x_wconf 85' lang='lat' dir='ltr'><strong>suam</strong></span> 
     </span>
     <span class='ocr_line' id='line_1_4' title="bbox 303 672 2514 760; baseline 0.001 -22"><span class='ocrx_word' id='word_1_23' title='bbox 303 676 614 760; x_wconf 83' lang='lat' dir='ltr'><strong>injuriam</strong></span> <span class='ocrx_word' id='word_1_24' title='bbox 656 679 779 742; x_wconf 92' lang='lat' dir='ltr'><strong>tibi</strong></span> <span class='ocrx_word' id='word_1_25' title='bbox 824 678 1117 742; x_wconf 86' lang='lat' dir='ltr'><strong>inimici:</strong></span> <span class='ocrx_word' id='word_1_26' title='bbox 1184 678 1338 740; x_wconf 86' lang='lat' dir='ltr'><strong>item</strong></span> <span class='ocrx_word' id='word_1_27' title='bbox 1368 692 1538 759; x_wconf 88' lang='lat' dir='ltr'><strong>quos</strong></span> <span class='ocrx_word' id='word_1_28' title='bbox 1568 672 1877 752; x_wconf 81' lang='lat' dir='ltr'><strong>affinitaS,</strong></span> <span class='ocrx_word' id='word_1_29' title='bbox 1907 678 2027 738; x_wconf 84' lang='lat' dir='ltr'><strong>aut</strong></span> <span class='ocrx_word' id='word_1_30' title='bbox 2064 675 2196 739; x_wconf 84' lang='lat' dir='ltr'><strong>alia</strong></span> <span class='ocrx_word' id='word_1_31' title='bbox 2222 678 2514 741; x_wconf 87' lang='lat' dir='ltr'><strong>necessi-</strong></span> 
     </span>
     <span class='ocr_line' id='line_1_5' title="bbox 302 776 2512 864; baseline 0.001 -22"><span class='ocrx_word' id='word_1_32' title='bbox 302 777 488 856; x_wconf 84' lang='lat' dir='ltr'><strong>tudo,</strong></span> <span class='ocrx_word' id='word_1_33' title='bbox 520 780 745 845; x_wconf 81' lang='lat' dir='ltr'>traxit.</span> <span class='ocrx_word' id='word_1_34' title='bbox 835 780 1017 845; x_wconf 85' lang='lat' dir='ltr'><strong>Nam</strong></span> <span class='ocrx_word' id='word_1_35' title='bbox 1046 780 1387 864; x_wconf 83' lang='lat' dir='ltr'><strong>particeps</strong></span> <span class='ocrx_word' id='word_1_36' title='bbox 1418 776 1885 841; x_wconf 87' lang='lat' dir='ltr'><strong>dominationis</strong></span> <span class='ocrx_word' id='word_1_37' title='bbox 1912 796 2124 861; x_wconf 85' lang='lat' dir='ltr'><strong>neque</strong></span> <span class='ocrx_word' id='word_1_38' title='bbox 2159 776 2286 842; x_wconf 86' lang='lat' dir='ltr'><strong>suit</strong></span> <span class='ocrx_word' id='word_1_39' title='bbox 2329 780 2512 863; x_wconf 87' lang='lat' dir='ltr'><strong>quis-</strong></span> 
     </span>
     <span class='ocr_line' id='line_1_6' title="bbox 302 879 2512 966; baseline 0.001 -22"><span class='ocrx_word' id='word_1_40' title='bbox 302 900 542 965; x_wconf 84' lang='lat' dir='ltr'><strong>quam3</strong></span> <span class='ocrx_word' id='word_1_41' title='bbox 608 903 840 966; x_wconf 87' lang='lat' dir='ltr'><strong>neque,</strong></span> <span class='ocrx_word' id='word_1_42' title='bbox 871 884 928 947; x_wconf 89' lang='lat' dir='ltr'><strong>si</strong></span> <span class='ocrx_word' id='word_1_43' title='bbox 959 884 1139 966; x_wconf 79' lang='lat' dir='ltr'><strong>patim</strong></span> <span class='ocrx_word' id='word_1_44' title='bbox 1171 882 1516 964; x_wconf 87' lang='lat' dir='ltr'><strong>potuisset,</strong></span> <span class='ocrx_word' id='word_1_45' title='bbox 1559 879 1742 943; x_wconf 89' lang='lat' dir='ltr'><strong>orbis</strong></span> <span class='ocrx_word' id='word_1_46' title='bbox 1769 884 2091 943; x_wconf 85' lang='lat' dir='ltr'><strong>terrarum</strong></span> <span class='ocrx_word' id='word_1_47' title='bbox 2138 881 2314 945; x_wconf 87' lang='lat' dir='ltr'><strong>bello</strong></span> <span class='ocrx_word' id='word_1_48' title='bbox 2355 901 2512 947; x_wconf 88' lang='lat' dir='ltr'><strong>con-</strong></span> 
     </span>
     <span class='ocr_line' id='line_1_7' title="bbox 301 971 2512 1069; baseline 0.002 -23"><span class='ocrx_word' id='word_1_49' title='bbox 301 1001 543 1047; x_wconf 88' lang='lat' dir='ltr'><strong>cussus</strong></span> <span class='ocrx_word' id='word_1_50' title='bbox 570 986 757 1051; x_wconf 85' lang='lat' dir='ltr'><strong>foret.</strong></span> <span class='ocrx_word' id='word_1_51' title='bbox 866 982 1105 1050; x_wconf 82' lang='lat' dir='ltr'><strong>Cetera</strong></span> <span class='ocrx_word' id='word_1_52' title='bbox 1147 983 1501 1048; x_wconf 88' lang='lat' dir='ltr'><strong>multitudo</strong></span> <span class='ocrx_word' id='word_1_53' title='bbox 1547 982 1748 1065; x_wconf 83' lang='lat' dir='ltr'><strong>vulgi,</strong></span> <span class='ocrx_word' id='word_1_54' title='bbox 1794 1001 1976 1045; x_wconf 84' lang='lat' dir='ltr'><strong>more</strong></span> <span class='ocrx_word' id='word_1_55' title='bbox 2000 971 2262 1066; x_wconf 76' lang='lat' dir='ltr'><strong>&#39;magiS,</strong></span> <span class='ocrx_word' id='word_1_56' title='bbox 2309 1005 2512 1069; x_wconf 82' lang='lat' dir='ltr'><strong>quam</strong></span> 
     </span>
     <span class='ocr_line' id='line_1_8' title="bbox 291 1084 2515 1171; baseline 0.002 -23"><span class='ocrx_word' id='word_1_57' title='bbox 291 1084 575 1168; x_wconf 89' lang='lat' dir='ltr'><strong>judicio,</strong></span> <span class='ocrx_word' id='word_1_58' title='bbox 609 1094 766 1170; x_wconf 90' lang='lat' dir='ltr'><strong>post</strong></span> <span class='ocrx_word' id='word_1_59' title='bbox 796 1088 969 1152; x_wconf 84' lang='lat' dir='ltr'><strong>alius</strong></span> <span class='ocrx_word' id='word_1_60' title='bbox 999 1087 1229 1165; x_wconf 84' lang='lat' dir='ltr'><strong>alium,</strong></span> <span class='ocrx_word' id='word_1_61' title='bbox 1257 1089 1449 1171; x_wconf 86' lang='lat' dir='ltr'><strong>quasi</strong></span> <span class='ocrx_word' id='word_1_62' title='bbox 1481 1085 1986 1169; x_wconf 80' lang='lat' dir='ltr'><strong>prudentiorem,</strong></span> <span class='ocrx_word' id='word_1_63' title='bbox 2029 1088 2262 1152; x_wconf 87' lang='lat' dir='ltr'><strong>secuti.</strong></span> <span class='ocrx_word' id='word_1_64' title='bbox 2376 1087 2515 1153; x_wconf 86' lang='lat' dir='ltr'><strong>Per</strong></span> 
     </span>
     <span class='ocr_line' id='line_1_9' title="bbox 296 1185 2512 1273; baseline 0.003 -24"><span class='ocrx_word' id='word_1_65' title='bbox 296 1185 474 1249; x_wconf 88' lang='lat' dir='ltr'><strong>idem</strong></span> <span class='ocrx_word' id='word_1_66' title='bbox 528 1193 789 1272; x_wconf 90' lang='lat' dir='ltr'><strong>tempus</strong></span> <span class='ocrx_word' id='word_1_67' title='bbox 848 1187 1253 1251; x_wconf 65' lang='lat' dir='ltr'><strong>maledictisn</strong></span> <span class='ocrx_word' id='word_1_68' title='bbox 1311 1188 1691 1269; x_wconf 85' lang='lat' dir='ltr'><strong>iniquorum</strong></span> <span class='ocrx_word' id='word_1_69' title='bbox 1751 1186 2164 1269; x_wconf 80' lang='lat' dir='ltr'><strong>occupandae</strong></span> <span class='ocrx_word' id='word_1_70' title='bbox 2223 1190 2384 1273; x_wconf 87' lang='lat' dir='ltr'><strong>reip.</strong></span> <span class='ocrx_word' id='word_1_71' title='bbox 2440 1192 2512 1255; x_wconf 87' lang='lat' dir='ltr'><strong>in</strong></span> 
     </span>
     <span class='ocr_line' id='line_1_10' title="bbox 298 1288 2512 1372; baseline 0.004 -22"><span class='ocrx_word' id='word_1_72' title='bbox 298 1306 485 1370; x_wconf 89' lang='lat' dir='ltr'><strong>spem</strong></span> <span class='ocrx_word' id='word_1_73' title='bbox 543 1289 811 1353; x_wconf 84' lang='lat' dir='ltr'><strong>adducti</strong></span> <span class='ocrx_word' id='word_1_74' title='bbox 861 1289 1185 1367; x_wconf 80' lang='lat' dir='ltr'><strong>homineS,</strong></span> <span class='ocrx_word' id='word_1_75' title='bbox 1233 1288 1478 1371; x_wconf 85' lang='lat' dir='ltr'><strong>quibus</strong></span> <span class='ocrx_word' id='word_1_76' title='bbox 1534 1288 1757 1352; x_wconf 84' lang='lat' dir='ltr'><strong>omnia</strong></span> <span class='ocrx_word' id='word_1_77' title='bbox 1807 1289 2052 1372; x_wconf 90' lang='lat' dir='ltr'><strong>probro</strong></span> <span class='ocrx_word' id='word_1_78' title='bbox 2099 1308 2180 1353; x_wconf 83' lang='lat' dir='ltr'><strong>ac</strong></span> <span class='ocrx_word' id='word_1_79' title='bbox 2237 1289 2512 1359; x_wconf 80' lang='lat' dir='ltr'><strong>luxuria</strong></span> 
     </span>
     <span class='ocr_line' id='line_1_11' title="bbox 297 1388 2510 1475; baseline 0.003 -23"><span class='ocrx_word' id='word_1_80' title='bbox 297 1388 556 1471; x_wconf 86' lang='lat' dir='ltr'><strong>polluta</strong></span> <span class='ocrx_word' id='word_1_81' title='bbox 582 1396 781 1469; x_wconf 87' lang='lat' dir='ltr'><strong>erant,</strong></span> <span class='ocrx_word' id='word_1_82' title='bbox 810 1411 1192 1457; x_wconf 89' lang='lat' dir='ltr'><strong>concurrere</strong></span> <span class='ocrx_word' id='word_1_83' title='bbox 1238 1392 1308 1453; x_wconf 89' lang='lat' dir='ltr'><strong>in</strong></span> <span class='ocrx_word' id='word_1_84' title='bbox 1358 1395 1578 1454; x_wconf 84' lang='lat' dir='ltr'><strong>castra</strong></span> <span class='ocrx_word' id='word_1_85' title='bbox 1623 1393 1778 1454; x_wconf 87' lang='lat' dir='ltr'><strong>tua:</strong></span> <span class='ocrx_word' id='word_1_86' title='bbox 1851 1395 1918 1453; x_wconf 86' lang='lat' dir='ltr'><strong>et</strong></span> <span class='ocrx_word' id='word_1_87' title='bbox 1963 1397 2190 1474; x_wconf 86' lang='lat' dir='ltr'><strong>aperte</strong></span> <span class='ocrx_word' id='word_1_88' title='bbox 2237 1393 2510 1475; x_wconf 84' lang='lat' dir='ltr'><strong>quietis⁰</strong></span> 
     </span>
     <span class='ocr_line' id='line_1_12' title="bbox 296 1494 2507 1577; baseline 0.004 -23"><span class='ocrx_word' id='word_1_89' title='bbox 296 1498 595 1570; x_wconf 87' lang='lat' dir='ltr'><strong>mortem,</strong></span> <span class='ocrx_word' id='word_1_90' title='bbox 650 1495 943 1577; x_wconf 85' lang='lat' dir='ltr'><strong>rapinas,</strong></span> <span class='ocrx_word' id='word_1_91' title='bbox 1001 1497 1340 1576; x_wconf 87' lang='lat' dir='ltr'><strong>postremo</strong></span> <span class='ocrx_word' id='word_1_92' title='bbox 1395 1494 1641 1569; x_wconf 87' lang='lat' dir='ltr'><strong>omnia,</strong></span> <span class='ocrx_word' id='word_1_93' title='bbox 1702 1512 1857 1575; x_wconf 79' lang='lat' dir='ltr'><strong>quae</strong></span> <span class='ocrx_word' id='word_1_94' title='bbox 1916 1500 2227 1576; x_wconf 88' lang='lat' dir='ltr'><strong>corrupto</strong></span> <span class='ocrx_word' id='word_1_95' title='bbox 2284 1497 2507 1563; x_wconf 88' lang='lat' dir='ltr'><strong>animo</strong></span> 
     </span>
     <span class='ocr_line' id='line_1_13' title="bbox 292 1592 2506 1677; baseline 0.004 -22"><span class='ocrx_word' id='word_1_96' title='bbox 292 1592 584 1672; x_wconf 81' lang='lat' dir='ltr'><strong>lubebat,</strong></span> <span class='ocrx_word' id='word_1_97' title='bbox 608 1595 923 1660; x_wconf 83' lang='lat' dir='ltr'><strong>minitari.</strong></span> <span class='ocrx_word' id='word_1_98' title='bbox 988 1594 1097 1658; x_wconf 83' lang='lat' dir='ltr'><strong>Ex</strong></span> <span class='ocrx_word' id='word_1_99' title='bbox 1130 1596 1284 1677; x_wconf 90' lang='lat' dir='ltr'><strong>quis</strong></span> <span class='ocrx_word' id='word_1_100' title='bbox 1314 1613 1552 1676; x_wconf 84' lang='lat' dir='ltr'><strong>magna</strong></span> <span class='ocrx_word' id='word_1_101' title='bbox 1580 1612 1764 1676; x_wconf 84' lang='lat' dir='ltr'><strong>pars,</strong></span> <span class='ocrx_word' id='word_1_102' title='bbox 1790 1594 1907 1657; x_wconf 92' lang='lat' dir='ltr'><strong>ubi</strong></span> <span class='ocrx_word' id='word_1_103' title='bbox 1934 1613 2150 1677; x_wconf 89' lang='lat' dir='ltr'><strong>neque</strong></span> <span class='ocrx_word' id='word_1_104' title='bbox 2180 1595 2506 1663; x_wconf 86' lang='lat' dir='ltr'><strong>creditum</strong></span> 
     </span>
     <span class='ocr_line' id='line_1_14' title="bbox 295 1690 2503 1782; baseline 0.003 -24"><span class='ocrx_word' id='word_1_105' title='bbox 295 1695 719 1775; x_wconf 64' lang='lat' dir='ltr'><strong>condonare:</strong></span> <span class='ocrx_word' id='word_1_106' title='bbox 776 1717 991 1782; x_wconf 89' lang='lat' dir='ltr'><strong>neque</strong></span> <span class='ocrx_word' id='word_1_107' title='bbox 1037 1703 1099 1761; x_wconf 85' lang='lat' dir='ltr'><strong>te</strong></span> <span class='ocrx_word' id='word_1_108' title='bbox 1146 1697 1432 1774; x_wconf 77' lang='lat' dir='ltr'><strong>civibuS,</strong></span> <span class='ocrx_word' id='word_1_109' title='bbox 1486 1696 1687 1760; x_wconf 90' lang='lat' dir='ltr'><strong>sicuti</strong></span> <span class='ocrx_word' id='word_1_110' title='bbox 1733 1695 2059 1774; x_wconf 77' lang='lat' dir='ltr'><strong>hostibuS,</strong></span> <span class='ocrx_word' id='word_1_111' title='bbox 2109 1700 2206 1761; x_wconf 89' lang='lat' dir='ltr'><strong>uti</strong></span> <span class='ocrx_word' id='word_1_112' title='bbox 2249 1690 2503 1778; x_wconf 80' lang='lat' dir='ltr'><strong>videut,</strong></span> 
     </span>
     <span class='ocr_line' id='line_1_15' title="bbox 293 1794 2503 1882; baseline 0.003 -22"><span class='ocrx_word' id='word_1_113' title='bbox 293 1794 671 1861; x_wconf 83' lang='lat' dir='ltr'><strong>defluxere:</strong></span> <span class='ocrx_word' id='word_1_114' title='bbox 740 1800 941 1881; x_wconf 89' lang='lat' dir='ltr'><strong>pauci</strong></span> <span class='ocrx_word' id='word_1_115' title='bbox 988 1798 1323 1879; x_wconf 83' lang='lat' dir='ltr'><strong>restitere3</strong></span> <span class='ocrx_word' id='word_1_116' title='bbox 1390 1797 1634 1881; x_wconf 86' lang='lat' dir='ltr'><strong>quibus</strong></span> <span class='ocrx_word' id='word_1_117' title='bbox 1665 1799 1880 1882; x_wconf 82' lang='lat' dir='ltr'><strong>majus</strong></span> <span class='ocrx_word' id='word_1_118' title='bbox 1909 1798 2115 1861; x_wconf 90' lang='lat' dir='ltr'><strong>otium</strong></span> <span class='ocrx_word' id='word_1_119' title='bbox 2141 1800 2211 1864; x_wconf 89' lang='lat' dir='ltr'><strong>in</strong></span> <span class='ocrx_word' id='word_1_120' title='bbox 2237 1801 2503 1880; x_wconf 84' lang='lat' dir='ltr'><strong>castris,</strong></span> 
     </span>
     <span class='ocr_line' id='line_1_16' title="bbox 294 1895 2503 1984; baseline 0.003 -24"><span class='ocrx_word' id='word_1_121' title='bbox 294 1917 495 1981; x_wconf 87' lang='lat' dir='ltr'><strong>quam</strong></span> <span class='ocrx_word' id='word_1_122' title='bbox 526 1898 794 1977; x_wconf 90' lang='lat' dir='ltr'><strong>Romae,</strong></span> <span class='ocrx_word' id='word_1_123' title='bbox 823 1903 1117 1965; x_wconf 83' lang='lat' dir='ltr'><strong>futurum</strong></span> <span class='ocrx_word' id='word_1_124' title='bbox 1146 1904 1312 1977; x_wconf 86' lang='lat' dir='ltr'><strong>erat,</strong></span> <span class='ocrx_word' id='word_1_125' title='bbox 1342 1902 1531 1962; x_wconf 80' lang='lat' dir='ltr'><strong>tanta</strong></span> <span class='ocrx_word' id='word_1_126' title='bbox 1560 1899 1695 1962; x_wconf 63' lang='lat' dir='ltr'><strong>vis?</strong></span> <span class='ocrx_word' id='word_1_127' title='bbox 1724 1895 2119 1963; x_wconf 87' lang='lat' dir='ltr'><strong>creditorum</strong></span> <span class='ocrx_word' id='word_1_128' title='bbox 2160 1901 2503 1984; x_wconf 87' lang='lat' dir='ltr'><strong>impende-</strong></span> 
     </span>
    </p>
   </div>
   <div class='ocr_carea' id='block_1_3' title="bbox 2534 841 2548 893">
    <p class='ocr_par' dir='ltr' id='par_1_3' title="bbox 2534 841 2548 893">
     <span class='ocr_line' id='line_1_17' title="bbox 2534 841 2548 893; baseline 0 0"><span class='ocrx_word' id='word_1_129' title='bbox 2534 841 2548 893; x_wconf 73' lang='lat'><strong><em>7</em></strong></span> 
     </span>
    </p>
   </div>
   <div class='ocr_carea' id='block_1_4' title="bbox 288 2000 2506 2598">
    <p class='ocr_par' dir='ltr' id='par_1_4' title="bbox 288 2000 2506 2373">
     <span class='ocr_line' id='line_1_18' title="bbox 292 2000 2506 2086; baseline 0.003 -23"><span class='ocrx_word' id='word_1_130' title='bbox 292 2001 429 2065; x_wconf 88' lang='lat' dir='ltr'><strong>bat.</strong></span> <span class='ocrx_word' id='word_1_131' title='bbox 520 2001 655 2065; x_wconf 88' lang='lat' dir='ltr'><strong>Sed</strong></span> <span class='ocrx_word' id='word_1_132' title='bbox 706 2004 795 2065; x_wconf 90' lang='lat' dir='ltr'><strong>ob</strong></span> <span class='ocrx_word' id='word_1_133' title='bbox 842 2003 1109 2067; x_wconf 85' lang='lat' dir='ltr'><strong>easdem</strong></span> <span class='ocrx_word' id='word_1_134' title='bbox 1149 2021 1394 2068; x_wconf 84' lang='lat' dir='ltr'><strong>causas</strong></span> <span class='ocrx_word' id='word_1_135' title='bbox 1441 2002 1730 2065; x_wconf 86' lang='lat' dir='ltr'><strong>immane</strong></span> <span class='ocrx_word' id='word_1_136' title='bbox 1769 2000 1950 2065; x_wconf 90' lang='lat' dir='ltr'><strong>dictu</strong></span> <span class='ocrx_word' id='word_1_137' title='bbox 1983 2006 2105 2079; x_wconf 88' lang='lat' dir='ltr'><strong>est,</strong></span> <span class='ocrx_word' id='word_1_138' title='bbox 2153 2004 2406 2086; x_wconf 88' lang='lat' dir='ltr'><strong>quanti,</strong></span> <span class='ocrx_word' id='word_1_139' title='bbox 2438 2009 2506 2069; x_wconf 88' lang='lat' dir='ltr'><strong>et</strong></span> 
     </span>
     <span class='ocr_line' id='line_1_19' title="bbox 292 2101 2501 2185; baseline 0.002 -20"><span class='ocrx_word' id='word_1_140' title='bbox 292 2121 496 2184; x_wconf 88' lang='lat' dir='ltr'><strong>quam</strong></span> <span class='ocrx_word' id='word_1_141' title='bbox 544 2105 737 2168; x_wconf 91' lang='lat' dir='ltr'><strong>multi</strong></span> <span class='ocrx_word' id='word_1_142' title='bbox 792 2106 1103 2168; x_wconf 87' lang='lat' dir='ltr'><strong>mortales</strong></span> <span class='ocrx_word' id='word_1_143' title='bbox 1156 2108 1393 2185; x_wconf 83' lang='lat' dir='ltr'><strong>postea</strong></span> <span class='ocrx_word' id='word_1_144' title='bbox 1449 2102 1538 2167; x_wconf 86' lang='lat' dir='ltr'><strong>ad</strong></span> <span class='ocrx_word' id='word_1_145' title='bbox 1588 2102 1984 2185; x_wconf 86' lang='lat' dir='ltr'><strong>Pompeium</strong></span> <span class='ocrx_word' id='word_1_146' title='bbox 2035 2101 2501 2172; x_wconf 82' lang='lat' dir='ltr'><strong>discesserint:</strong></span> 
     </span>
     <span class='ocr_line' id='line_1_20' title="bbox 290 2205 2504 2291; baseline 0.004 -24"><span class='ocrx_word' id='word_1_147' title='bbox 290 2222 511 2287; x_wconf 89' lang='lat' dir='ltr'><strong>eoque·</strong></span> <span class='ocrx_word' id='word_1_148' title='bbox 532 2226 653 2289; x_wconf 92' lang='lat' dir='ltr'><strong>per</strong></span> <span class='ocrx_word' id='word_1_149' title='bbox 682 2224 877 2271; x_wconf 89' lang='lat' dir='ltr'><strong>omne</strong></span> <span class='ocrx_word' id='word_1_150' title='bbox 906 2210 1166 2289; x_wconf 82' lang='lat' dir='ltr'><strong>tempus</strong></span> <span class='ocrx_word' id='word_1_151' title='bbox 1194 2205 1350 2271; x_wconf 91' lang='lat' dir='ltr'><strong>belli</strong></span> <span class='ocrx_word' id='word_1_152' title='bbox 1380 2206 1574 2290; x_wconf 86' lang='lat' dir='ltr'><strong>quasi</strong></span> <span class='ocrx_word' id='word_1_153' title='bbox 1603 2223 1818 2284; x_wconf 79' lang='lat' dir='ltr'><strong>sacro,</strong></span> <span class='ocrx_word' id='word_1_154' title='bbox 1863 2209 2066 2288; x_wconf 84' lang='lat' dir='ltr'><strong>atque</strong></span> <span class='ocrx_word' id='word_1_155' title='bbox 2116 2207 2504 2291; x_wconf 80' lang='lat' dir='ltr'><strong>inspoliato‘¹</strong></span> 
     </span>
     <span class='ocr_line' id='line_1_21' title="bbox 288 2306 1626 2373; baseline 0.004 -5"><span class='ocrx_word' id='word_1_156' title='bbox 288 2306 442 2370; x_wconf 84' lang='lat' dir='ltr'><strong>sano</strong></span> <span class='ocrx_word' id='word_1_157' title='bbox 474 2306 803 2371; x_wconf 84' lang='lat' dir='ltr'><strong>debitores</strong></span> <span class='ocrx_word' id='word_1_158' title='bbox 832 2308 958 2371; x_wconf 91' lang='lat' dir='ltr'><strong>usi.</strong></span> <span class='ocrx_word' id='word_1_159' title='bbox 1619 2365 1626 2373; x_wconf 90' lang='lat'>.</span> 
     </span>
    </p>

    <p class='ocr_par' dir='ltr' id='par_1_5' title="bbox 288 2407 2501 2598">
     <span class='ocr_line' id='line_1_22' title="bbox 304 2407 2501 2497; baseline 0.003 -25"><span class='ocrx_word' id='word_1_160' title='bbox 304 2417 313 2424; x_wconf 85' lang='grc'><strong>”</strong></span> <span class='ocrx_word' id='word_1_161' title='bbox 376 2407 611 2491; x_wconf 86' lang='lat' dir='ltr'><strong>Igitur,</strong></span> <span class='ocrx_word' id='word_1_162' title='bbox 643 2410 960 2493; x_wconf 82' lang='lat' dir='ltr'><strong>quoniam</strong></span> <span class='ocrx_word' id='word_1_163' title='bbox 988 2411 1112 2474; x_wconf 91' lang='lat' dir='ltr'><strong>tibi</strong></span> <span class='ocrx_word' id='word_1_164' title='bbox 1140 2409 1378 2475; x_wconf 87' lang='lat' dir='ltr'><strong>victori</strong></span> <span class='ocrx_word' id='word_1_165' title='bbox 1432 2409 1518 2473; x_wconf 86' lang='lat' dir='ltr'><strong>de</strong></span> <span class='ocrx_word' id='word_1_166' title='bbox 1568 2410 1744 2475; x_wconf 88' lang='lat' dir='ltr'><strong>bello</strong></span> <span class='ocrx_word' id='word_1_167' title='bbox 1791 2415 1991 2492; x_wconf 83' lang='lat' dir='ltr'><strong>atque</strong></span> <span class='ocrx_word' id='word_1_168' title='bbox 2038 2430 2208 2497; x_wconf 83' lang='lat' dir='ltr'><strong>pace</strong></span> <span class='ocrx_word' id='word_1_169' title='bbox 2249 2414 2501 2496; x_wconf 84' lang='lat' dir='ltr'><strong>agitan-</strong></span> 
     </span>
     <span class='ocr_line' id='line_1_23' title="bbox 288 2510 2496 2598; baseline 0.003 -24"><span class='ocrx_word' id='word_1_170' title='bbox 288 2511 443 2575; x_wconf 86' lang='lat' dir='ltr'><strong>dum</strong></span> <span class='ocrx_word' id='word_1_171' title='bbox 473 2517 611 2576; x_wconf 84' lang='lat' dir='ltr'><strong>est:</strong></span> <span class='ocrx_word' id='word_1_172' title='bbox 669 2512 797 2576; x_wconf 93' lang='lat' dir='ltr'><strong>hoc</strong></span> <span class='ocrx_word' id='word_1_173' title='bbox 824 2514 922 2577; x_wconf 89' lang='lat' dir='ltr'><strong>uti</strong></span> <span class='ocrx_word' id='word_1_174' title='bbox 950 2511 1237 2578; x_wconf 82' lang='lat' dir='ltr'><strong>civiliter</strong></span> <span class='ocrx_word' id='word_1_175' title='bbox 1265 2510 1612 2596; x_wconf 71' lang='lat' dir='ltr'><strong>deponas,r</strong></span> <span class='ocrx_word' id='word_1_176' title='bbox 1640 2511 1756 2575; x_wconf 86' lang='lat' dir='ltr'><strong>illa</strong></span> <span class='ocrx_word' id='word_1_177' title='bbox 1781 2516 1858 2577; x_wconf 90' lang='lat' dir='ltr'><strong>ut</strong></span> <span class='ocrx_word' id='word_1_178' title='bbox 1882 2530 2085 2595; x_wconf 89' lang='lat' dir='ltr'><strong>quam</strong></span> <span class='ocrx_word' id='word_1_179' title='bbox 2099 2514 2496 2598; x_wconf 71' lang='lat' dir='ltr'><strong>Justissima,</strong></span> 
     </span>
    </p>
   </div>
   <div class='ocr_carea' id='block_1_5' title="bbox 282 2722 2494 2859">
    <p class='ocr_par' dir='ltr' id='par_1_6' title="bbox 282 2722 2494 2859">
     <span class='ocr_line' id='line_1_24' title="bbox 350 2722 2494 2793; baseline 0.001 -18"><span class='ocrx_word' id='word_1_180' title='bbox 350 2733 371 2758; x_wconf 75' lang='lat'><em>⁶</em></span> <span class='ocrx_word' id='word_1_181' title='bbox 406 2727 488 2776; x_wconf 81' lang='lat' dir='ltr'><strong>Ex</strong></span> <span class='ocrx_word' id='word_1_182' title='bbox 508 2729 674 2791; x_wconf 68' lang='lat' dir='ltr'><strong>quibus</strong></span> <span class='ocrx_word' id='word_1_183' title='bbox 694 2745 869 2792; x_wconf 58' lang='lat' dir='ltr'><strong>inagna</strong></span> <span class='ocrx_word' id='word_1_184' title='bbox 901 2742 1038 2793; x_wconf 70' lang='lat' dir='ltr'><strong>pars,</strong></span> <span class='ocrx_word' id='word_1_185' title='bbox 1059 2727 1141 2778; x_wconf 73' lang='lat' dir='ltr'><strong>ubi</strong></span> <span class='ocrx_word' id='word_1_186' title='bbox 1161 2727 1321 2776; x_wconf 77' lang='lat' dir='ltr'><strong>vident</strong></span> <span class='ocrx_word' id='word_1_187' title='bbox 1342 2729 1389 2776; x_wconf 78' lang='lat' dir='ltr'><strong>te</strong></span> <span class='ocrx_word' id='word_1_188' title='bbox 1408 2739 1556 2791; x_wconf 63' lang='lat' dir='ltr'><strong>neque</strong></span> <span class='ocrx_word' id='word_1_189' title='bbox 1583 2722 1834 2788; x_wconf 69' lang='lat' dir='ltr'><strong>pecuniam</strong></span> <span class='ocrx_word' id='word_1_190' title='bbox 1854 2723 2082 2776; x_wconf 73' lang='lat' dir='ltr'><strong>creditam</strong></span> <span class='ocrx_word' id='word_1_191' title='bbox 2101 2725 2379 2792; x_wconf 75' lang='lat' dir='ltr'><strong>condonare,</strong></span> <span class='ocrx_word' id='word_1_192' title='bbox 2408 2733 2494 2778; x_wconf 71' lang='lat' dir='ltr'><strong>aut</strong></span> 
     </span>
     <span class='ocr_line' id='line_1_25' title="bbox 282 2797 919 2859; baseline 0.009 -20"><span class='ocrx_word' id='word_1_193' title='bbox 282 2803 427 2842; x_wconf 68' lang='lat' dir='ltr'><strong>novas</strong></span> <span class='ocrx_word' id='word_1_194' title='bbox 443 2797 466 2841; x_wconf 81' lang='lat' dir='ltr'><strong>t</strong></span> <span class='ocrx_word' id='word_1_195' title='bbox 643 2809 919 2859; x_wconf 76' lang='lat' dir='ltr'><strong>proponere·</strong></span> 
     </span>
    </p>
   </div>
   <div class='ocr_carea' id='block_1_6' title="bbox 1286 2959 1500 3013">
    <p class='ocr_par' dir='ltr' id='par_1_7' title="bbox 1286 2959 1500 3013">
     <span class='ocr_line' id='line_1_26' title="bbox 1286 2959 1500 3013; baseline -0.009 0"><span class='ocrx_word' id='word_1_196' title='bbox 1286 2959 1500 3013; x_wconf 77' lang='lat' dir='ltr'><strong>NOTAE</strong></span> 
     </span>
    </p>
   </div>
   <div class='ocr_carea' id='block_1_7' title="bbox 272 3105 1349 4244">
    <p class='ocr_par' dir='ltr' id='par_1_8' title="bbox 349 3105 1283 3178">
     <span class='ocr_line' id='line_1_27' title="bbox 349 3105 1283 3178; baseline 0.005 -21"><span class='ocrx_word' id='word_1_197' title='bbox 349 3105 367 3140; x_wconf 84' lang='lat'>¹</span> <span class='ocrx_word' id='word_1_198' title='bbox 396 3109 604 3160; x_wconf 75' lang='lat' dir='ltr'><strong>Homine</strong></span> <span class='ocrx_word' id='word_1_199' title='bbox 624 3113 777 3177; x_wconf 67' lang='lat' dir='ltr'><strong>claro]</strong></span> <span class='ocrx_word' id='word_1_200' title='bbox 807 3113 1049 3178; x_wconf 73' lang='lat' dir='ltr'><strong>Pompeio,</strong></span> <span class='ocrx_word' id='word_1_201' title='bbox 1064 3112 1283 3163; x_wconf 72' lang='lat' dir='ltr'><strong>scilicet.</strong></span> 
     </span>
    </p>

    <p class='ocr_par' dir='ltr' id='par_1_9' title="bbox 276 3185 1349 3926">
     <span class='ocr_line' id='line_1_28' title="bbox 347 3185 1349 3252; baseline 0.001 -17"><span class='ocrx_word' id='word_1_202' title='bbox 347 3191 385 3218; x_wconf 77' lang='lat'><strong>¹¹¹</strong></span> <span class='ocrx_word' id='word_1_203' title='bbox 417 3185 477 3235; x_wconf 78' lang='lat' dir='ltr'><strong>Si</strong></span> <span class='ocrx_word' id='word_1_204' title='bbox 508 3186 639 3248; x_wconf 73' lang='lat' dir='ltr'><strong>poti]</strong></span> <span class='ocrx_word' id='word_1_205' title='bbox 693 3189 941 3237; x_wconf 74' lang='lat' dir='ltr'><strong>Testatur</strong></span> <span class='ocrx_word' id='word_1_206' title='bbox 961 3190 1161 3252; x_wconf 80' lang='lat' dir='ltr'><strong>Florus,</strong></span> <span class='ocrx_word' id='word_1_207' title='bbox 1181 3202 1349 3252; x_wconf 83' lang='lat' dir='ltr'><strong>neque</strong></span> 
     </span>
     <span class='ocr_line' id='line_1_29' title="bbox 281 3261 1349 3327; baseline 0.002 -17"><span class='ocrx_word' id='word_1_208' title='bbox 281 3274 463 3324; x_wconf 73' lang='lat' dir='ltr'><strong>parem</strong></span> <span class='ocrx_word' id='word_1_209' title='bbox 504 3261 831 3325; x_wconf 86' lang='lat' dir='ltr'><strong>Pompeium,</strong></span> <span class='ocrx_word' id='word_1_210' title='bbox 884 3277 1055 3327; x_wconf 83' lang='lat' dir='ltr'><strong>neque</strong></span> <span class='ocrx_word' id='word_1_211' title='bbox 1116 3263 1349 3326; x_wconf 73' lang='lat' dir='ltr'><strong>superio·</strong></span> 
     </span>
     <span class='ocr_line' id='line_1_30' title="bbox 280 3334 1109 3402; baseline 0 -14"><span class='ocrx_word' id='word_1_212' title='bbox 280 3350 393 3388; x_wconf 82' lang='lat' dir='ltr'><strong>rem</strong></span> <span class='ocrx_word' id='word_1_213' title='bbox 414 3336 677 3387; x_wconf 75' lang='lat' dir='ltr'><strong>Caesarem</strong></span> <span class='ocrx_word' id='word_1_214' title='bbox 696 3336 838 3388; x_wconf 78' lang='lat' dir='ltr'><strong>ferre</strong></span> <span class='ocrx_word' id='word_1_215' title='bbox 862 3334 1109 3402; x_wconf 68' lang='lat' dir='ltr'><strong>potuisse.</strong></span> 
     </span>
     <span class='ocr_line' id='line_1_31' title="bbox 294 3415 1347 3480; baseline 0.004 -17"><span class='ocrx_word' id='word_1_216' title='bbox 294 3439 303 3446; x_wconf 91' lang='lat'><strong>·</strong></span> <span class='ocrx_word' id='word_1_217' title='bbox 346 3421 373 3446; x_wconf 80' lang='lat'><strong>¹²</strong></span> <span class='ocrx_word' id='word_1_218' title='bbox 408 3415 709 3478; x_wconf 67' lang='lat' dir='ltr'><strong>Maledictis]</strong></span> <span class='ocrx_word' id='word_1_219' title='bbox 758 3416 876 3465; x_wconf 88' lang='lat' dir='ltr'><strong>Hoc</strong></span> <span class='ocrx_word' id='word_1_220' title='bbox 894 3415 1043 3480; x_wconf 83' lang='lat' dir='ltr'><strong>dicit,</strong></span> <span class='ocrx_word' id='word_1_221' title='bbox 1062 3416 1261 3465; x_wconf 80' lang='lat' dir='ltr'><strong>Multos</strong></span> <span class='ocrx_word' id='word_1_222' title='bbox 1282 3431 1347 3467; x_wconf 84' lang='lat' dir='ltr'><strong>eo</strong></span> 
     </span>
     <span class='ocr_line' id='line_1_32' title="bbox 278 3491 1347 3558; baseline 0.001 -17"><span class='ocrx_word' id='word_1_223' title='bbox 278 3491 349 3541; x_wconf 74' lang='lat' dir='ltr'><strong>ad</strong></span> <span class='ocrx_word' id='word_1_224' title='bbox 393 3492 614 3544; x_wconf 74' lang='lat' dir='ltr'><strong>Caesaris</strong></span> <span class='ocrx_word' id='word_1_225' title='bbox 658 3501 833 3558; x_wconf 75' lang='lat' dir='ltr'><strong>partes</strong></span> <span class='ocrx_word' id='word_1_226' title='bbox 872 3493 1123 3543; x_wconf 82' lang='lat' dir='ltr'><strong>adductos</strong></span> <span class='ocrx_word' id='word_1_227' title='bbox 1167 3491 1347 3557; x_wconf 74' lang='lat' dir='ltr'><strong>fuisse,</strong></span> 
     </span>
     <span class='ocr_line' id='line_1_33' title="bbox 279 3567 1347 3634; baseline 0.004 -18"><span class='ocrx_word' id='word_1_228' title='bbox 279 3567 421 3632; x_wconf 85' lang='lat' dir='ltr'><strong>quod</strong></span> <span class='ocrx_word' id='word_1_229' title='bbox 455 3569 725 3620; x_wconf 73' lang='lat' dir='ltr'><strong>malevolis</strong></span> <span class='ocrx_word' id='word_1_230' title='bbox 757 3569 1081 3634; x_wconf 73' lang='lat' dir='ltr'><strong>quibusdam,</strong></span> <span class='ocrx_word' id='word_1_231' title='bbox 1100 3569 1189 3634; x_wconf 88' lang='lat' dir='ltr'><strong>qui</strong></span> <span class='ocrx_word' id='word_1_232' title='bbox 1228 3583 1347 3620; x_wconf 83' lang='lat' dir='ltr'><strong>eum</strong></span> 
     </span>
     <span class='ocr_line' id='line_1_34' title="bbox 278 3647 1346 3712; baseline 0.002 -17"><span class='ocrx_word' id='word_1_233' title='bbox 278 3647 669 3709; x_wconf 76' lang='lat' dir='ltr'><strong>Rempublicam</strong></span> <span class='ocrx_word' id='word_1_234' title='bbox 702 3655 1075 3712; x_wconf 78' lang='lat' dir='ltr'><strong>occupaturum</strong></span> <span class='ocrx_word' id='word_1_235' title='bbox 1094 3647 1346 3711; x_wconf 76' lang='lat' dir='ltr'><strong>praedica-</strong></span> 
     </span>
     <span class='ocr_line' id='line_1_35' title="bbox 278 3721 1345 3788; baseline 0 -16"><span class='ocrx_word' id='word_1_236' title='bbox 278 3721 425 3785; x_wconf 73' lang='lat' dir='ltr'><strong>bant,</strong></span> <span class='ocrx_word' id='word_1_237' title='bbox 466 3721 625 3772; x_wconf 83' lang='lat' dir='ltr'><strong>fidem</strong></span> <span class='ocrx_word' id='word_1_238' title='bbox 664 3723 949 3785; x_wconf 56' lang='lat' dir='ltr'><strong>haber-eun</strong></span> <span class='ocrx_word' id='word_1_239' title='bbox 996 3728 1054 3774; x_wconf 81' lang='lat' dir='ltr'><strong>et</strong></span> <span class='ocrx_word' id='word_1_240' title='bbox 1096 3735 1211 3786; x_wconf 83' lang='lat' dir='ltr'><strong>per·</strong></span> <span class='ocrx_word' id='word_1_241' title='bbox 1232 3724 1345 3788; x_wconf 75' lang='lat' dir='ltr'><strong>ejus</strong></span> 
     </span>
     <span class='ocr_line' id='line_1_36' title="bbox 276 3797 1345 3862; baseline 0.001 -15"><span class='ocrx_word' id='word_1_242' title='bbox 276 3797 501 3861; x_wconf 69' lang='lat' dir='ltr'><strong>gratiam</strong></span> <span class='ocrx_word' id='word_1_243' title='bbox 537 3812 595 3848; x_wconf 73' lang='lat' dir='ltr'><strong>se</strong></span> <span class='ocrx_word' id='word_1_244' title='bbox 630 3805 877 3862; x_wconf 78' lang='lat' dir='ltr'><strong>potentes</strong></span> <span class='ocrx_word' id='word_1_245' title='bbox 899 3813 1145 3850; x_wconf 73' lang='lat' dir='ltr'><strong>evasuros</strong></span> <span class='ocrx_word' id='word_1_246' title='bbox 1166 3812 1345 3861; x_wconf 73' lang='lat' dir='ltr'><strong>spera·</strong></span> 
     </span>
     <span class='ocr_line' id='line_1_37' title="bbox 278 3881 416 3926; baseline -0.014 0"><span class='ocrx_word' id='word_1_247' title='bbox 278 3881 416 3926; x_wconf 76' lang='lat' dir='ltr'><strong>rent.</strong></span> 
     </span>
    </p>

    <p class='ocr_par' dir='ltr' id='par_1_10' title="bbox 275 3948 1343 4077">
     <span class='ocr_line' id='line_1_38' title="bbox 340 3948 1343 4016; baseline -0.007 -10"><span class='ocrx_word' id='word_1_248' title='bbox 340 3957 365 3983; x_wconf 83' lang='lat'>⁰</span> <span class='ocrx_word' id='word_1_249' title='bbox 400 3950 614 4014; x_wconf 66' lang='lat' dir='ltr'><strong>Qumis]</strong></span> <span class='ocrx_word' id='word_1_250' title='bbox 637 3951 801 4016; x_wconf 66' lang='lat' dir='ltr'><strong>linqui</strong></span> <span class='ocrx_word' id='word_1_251' title='bbox 816 3951 957 4002; x_wconf 68' lang='lat' dir='ltr'><strong>nullia</strong></span> <span class='ocrx_word' id='word_1_252' title='bbox 972 3948 1191 4016; x_wconf 68' lang='lat' dir='ltr'><strong>pau-niba·</strong></span> <span class='ocrx_word' id='word_1_253' title='bbox 1206 3953 1343 3999; x_wconf 70' lang='lat' dir='ltr'><strong>erant</strong></span> 
     </span>
     <span class='ocr_line' id='line_1_39' title="bbox 275 4027 474 4077; baseline 0.005 -1"><span class='ocrx_word' id='word_1_254' title='bbox 275 4027 474 4077; x_wconf 67' lang='lat' dir='ltr'><strong>addidi.</strong></span> 
     </span>
    </p>

    <p class='ocr_par' dir='ltr' id='par_1_11' title="bbox 272 4100 1341 4244">
     <span class='ocr_line' id='line_1_40' title="bbox 340 4100 1341 4168; baseline -0.001 -15"><span class='ocrx_word' id='word_1_255' title='bbox 340 4103 554 4154; x_wconf 52' lang='lat' dir='ltr'><strong>arma</strong></span> <span class='ocrx_word' id='word_1_256' title='bbox 572 4103 670 4166; x_wconf 60' lang='grc' dir='ltr'><strong>οὔ]</strong></span> <span class='ocrx_word' id='word_1_257' title='bbox 735 4103 801 4153; x_wconf 85' lang='lat' dir='ltr'><strong>Id</strong></span> <span class='ocrx_word' id='word_1_258' title='bbox 824 4109 925 4168; x_wconf 71' lang='lat' dir='ltr'><strong>ent,</strong></span> <span class='ocrx_word' id='word_1_259' title='bbox 950 4102 1065 4168; x_wconf 65' lang='lat' dir='ltr'><strong>quia</strong></span> <span class='ocrx_word' id='word_1_260' title='bbox 1079 4100 1341 4163; x_wconf 71' lang='lat' dir='ltr'><strong>fenerato·</strong></span> 
     </span>
     <span class='ocr_line' id='line_1_41' title="bbox 272 4177 1112 4244; baseline 0.001 -17"><span class='ocrx_word' id='word_1_261' title='bbox 272 4191 381 4228; x_wconf 68' lang='lat' dir='ltr'><strong>ram</strong></span> <span class='ocrx_word' id='word_1_262' title='bbox 400 4177 725 4243; x_wconf 63' lang='lat' dir='ltr'><strong>immanium</strong></span> <span class='ocrx_word' id='word_1_263' title='bbox 740 4177 924 4244; x_wconf 61' lang='lat' dir='ltr'><strong>experti</strong></span> <span class='ocrx_word' id='word_1_264' title='bbox 944 4182 1112 4229; x_wconf 72' lang='lat' dir='ltr'><strong>ment.</strong></span> 
     </span>
    </p>
   </div>
   <div class='ocr_carea' id='block_1_8' title="bbox 1417 3105 2500 4169">
    <p class='ocr_par' dir='ltr' id='par_1_12' title="bbox 1426 3105 2498 3394">
     <span class='ocr_line' id='line_1_42' title="bbox 1444 3105 2498 3172; baseline 0.006 -20"><span class='ocrx_word' id='word_1_265' title='bbox 1444 3125 1451 3134; x_wconf 92' lang='lat'><strong>·</strong></span> <span class='ocrx_word' id='word_1_266' title='bbox 1495 3117 1518 3152; x_wconf 70' lang='lat' dir='ltr'>q</span> <span class='ocrx_word' id='word_1_267' title='bbox 1552 3105 1834 3172; x_wconf 71' lang='lat' dir='ltr'><strong>Inspoliato]</strong></span> <span class='ocrx_word' id='word_1_268' title='bbox 1866 3106 1930 3156; x_wconf 85' lang='lat' dir='ltr'><strong>Id</strong></span> <span class='ocrx_word' id='word_1_269' title='bbox 1955 3111 2056 3170; x_wconf 71' lang='lat' dir='ltr'><strong>est,</strong></span> <span class='ocrx_word' id='word_1_270' title='bbox 2071 3121 2235 3170; x_wconf 72' lang='lat' dir='ltr'><strong>exquo</strong></span> <span class='ocrx_word' id='word_1_271' title='bbox 2251 3106 2498 3158; x_wconf 68' lang='lat' dir='ltr'><strong>abstulime</strong></span> 
     </span>
     <span class='ocr_line' id='line_1_43' title="bbox 1428 3182 2494 3250; baseline -0.002 -14"><span class='ocrx_word' id='word_1_272' title='bbox 1428 3186 1692 3250; x_wconf 60' lang='lat' dir='ltr'><strong>quiquam,</strong></span> <span class='ocrx_word' id='word_1_273' title='bbox 1711 3182 2032 3244; x_wconf 56' lang='lat' dir='ltr'><strong>massua-it.</strong></span> <span class='ocrx_word' id='word_1_274' title='bbox 2097 3183 2228 3232; x_wconf 85' lang='lat' dir='ltr'><strong>Vult</strong></span> <span class='ocrx_word' id='word_1_275' title='bbox 2247 3183 2494 3246; x_wconf 70' lang='lat' dir='ltr'><strong>plurimo·</strong></span> 
     </span>
     <span class='ocr_line' id='line_1_44' title="bbox 1427 3258 2494 3325; baseline -0.003 -12"><span class='ocrx_word' id='word_1_276' title='bbox 1427 3264 1508 3313; x_wconf 68' lang='grc' dir='ltr'><strong>αδ</strong></span> <span class='ocrx_word' id='word_1_277' title='bbox 1539 3260 1866 3325; x_wconf 83' lang='lat' dir='ltr'><strong>Pompeium,</strong></span> <span class='ocrx_word' id='word_1_278' title='bbox 1910 3265 2155 3324; x_wconf 75' lang='lat' dir='ltr'><strong>tanquam</strong></span> <span class='ocrx_word' id='word_1_279' title='bbox 2191 3258 2260 3308; x_wconf 78' lang='lat' dir='ltr'><strong>ad</strong></span> <span class='ocrx_word' id='word_1_280' title='bbox 2294 3260 2494 3324; x_wconf 72' lang='lat' dir='ltr'><strong>asylum</strong></span> 
     </span>
     <span class='ocr_line' id='line_1_45' title="bbox 1426 3339 1769 3394; baseline -0.015 0"><span class='ocrx_word' id='word_1_281' title='bbox 1426 3339 1769 3394; x_wconf 72' lang='lat' dir='ltr'><strong>concurrisse.</strong></span> 
     </span>
    </p>

    <p class='ocr_par' dir='ltr' id='par_1_13' title="bbox 1417 3414 2500 4169">
     <span class='ocr_line' id='line_1_46' title="bbox 1445 3414 2492 3481; baseline -0.002 -12"><span class='ocrx_word' id='word_1_282' title='bbox 1445 3429 1451 3437; x_wconf 66' lang='lat'><strong>²</strong></span> <span class='ocrx_word' id='word_1_283' title='bbox 1492 3427 1512 3453; x_wconf 69' lang='lat'>¹</span> <span class='ocrx_word' id='word_1_284' title='bbox 1546 3418 1771 3468; x_wconf 73' lang='lat' dir='ltr'><strong>civiliter</strong></span> <span class='ocrx_word' id='word_1_285' title='bbox 1802 3415 2028 3481; x_wconf 75' lang='lat' dir='ltr'><strong>deponas]</strong></span> <span class='ocrx_word' id='word_1_286' title='bbox 2092 3414 2309 3467; x_wconf 73' lang='lat' dir='ltr'><strong>‘Duabus</strong></span> <span class='ocrx_word' id='word_1_287' title='bbox 2346 3414 2492 3467; x_wconf 79' lang='lat' dir='ltr'><strong>hisce</strong></span> 
     </span>
     <span class='ocr_line' id='line_1_47' title="bbox 1426 3493 2494 3559; baseline -0.002 -13"><span class='ocrx_word' id='word_1_288' title='bbox 1426 3496 1658 3558; x_wconf 75' lang='lat' dir='ltr'><strong>vocibus,</strong></span> <span class='ocrx_word' id='word_1_289' title='bbox 1687 3509 1804 3559; x_wconf 75' lang='lat' dir='ltr'><strong>quoe</strong></span> <span class='ocrx_word' id='word_1_290' title='bbox 1841 3493 2089 3557; x_wconf 83' lang='lat' dir='ltr'><strong>proponit</strong></span> <span class='ocrx_word' id='word_1_291' title='bbox 2121 3493 2494 3558; x_wconf 83' lang='lat' dir='ltr'><strong>propemodum</strong></span> 
     </span>
     <span class='ocr_line' id='line_1_48' title="bbox 1426 3568 2492 3633; baseline -0.004 -9"><span class='ocrx_word' id='word_1_292' title='bbox 1426 3571 1638 3624; x_wconf 84' lang='lat' dir='ltr'><strong>conficit</strong></span> <span class='ocrx_word' id='word_1_293' title='bbox 1686 3571 1768 3620; x_wconf 83' lang='lat' dir='ltr'><strong>vir</strong></span> <span class='ocrx_word' id='word_1_294' title='bbox 1803 3581 2002 3618; x_wconf 78' lang='lat' dir='ltr'><strong>summe</strong></span> <span class='ocrx_word' id='word_1_295' title='bbox 2043 3568 2302 3633; x_wconf 80' lang='lat' dir='ltr'><strong>politicus.</strong></span> <span class='ocrx_word' id='word_1_296' title='bbox 2391 3571 2492 3620; x_wconf 89' lang='lat' dir='ltr'><strong>Cu·</strong></span> 
     </span>
     <span class='ocr_line' id='line_1_49' title="bbox 1426 3643 2492 3709; baseline -0.004 -10"><span class='ocrx_word' id='word_1_297' title='bbox 1426 3647 1641 3699; x_wconf 73' lang='lat' dir='ltr'><strong>randum</strong></span> <span class='ocrx_word' id='word_1_298' title='bbox 1687 3653 1768 3695; x_wconf 82' lang='lat' dir='ltr'><strong>est</strong></span> <span class='ocrx_word' id='word_1_299' title='bbox 1812 3643 1948 3693; x_wconf 83' lang='lat' dir='ltr'><strong>enim</strong></span> <span class='ocrx_word' id='word_1_300' title='bbox 1989 3649 2051 3693; x_wconf 85' lang='lat' dir='ltr'><strong>ut</strong></span> <span class='ocrx_word' id='word_1_301' title='bbox 2093 3644 2230 3695; x_wconf 84' lang='lat' dir='ltr'><strong>bello</strong></span> <span class='ocrx_word' id='word_1_302' title='bbox 2271 3651 2348 3709; x_wconf 84' lang='lat' dir='ltr'><strong>tu,</strong></span> <span class='ocrx_word' id='word_1_303' title='bbox 2387 3660 2492 3697; x_wconf 82' lang='lat' dir='ltr'><strong>nou</strong></span> 
     </span>
     <span class='ocr_line' id='line_1_50' title="bbox 1425 3719 2490 3788; baseline -0.005 -13"><span class='ocrx_word' id='word_1_304' title='bbox 1425 3725 1570 3788; x_wconf 75' lang='lat' dir='ltr'><strong>alius,</strong></span> <span class='ocrx_word' id='word_1_305' title='bbox 1590 3722 1744 3772; x_wconf 82' lang='lat' dir='ltr'><strong>finem</strong></span> <span class='ocrx_word' id='word_1_306' title='bbox 1765 3721 2021 3786; x_wconf 69' lang='lat' dir='ltr'><strong>imponas,</strong></span> <span class='ocrx_word' id='word_1_307' title='bbox 2051 3719 2210 3786; x_wconf 82' lang='lat' dir='ltr'><strong>idque</strong></span> <span class='ocrx_word' id='word_1_308' title='bbox 2229 3735 2412 3772; x_wconf 78' lang='lat' dir='ltr'><strong>revera</strong></span> <span class='ocrx_word' id='word_1_309' title='bbox 2433 3725 2490 3771; x_wconf 83' lang='lat' dir='ltr'><strong>et</strong></span> 
     </span>
     <span class='ocr_line' id='line_1_51' title="bbox 1421 3798 2490 3865; baseline -0.005 -12"><span class='ocrx_word' id='word_1_310' title='bbox 1421 3803 1562 3853; x_wconf 81' lang='lat' dir='ltr'><strong>bona</strong></span> <span class='ocrx_word' id='word_1_311' title='bbox 1580 3800 1685 3851; x_wconf 80' lang='lat' dir='ltr'><strong>fide</strong></span> <span class='ocrx_word' id='word_1_312' title='bbox 1720 3807 1970 3865; x_wconf 71' lang='lat' dir='ltr'><strong>proestesz</strong></span> <span class='ocrx_word' id='word_1_313' title='bbox 2017 3798 2300 3850; x_wconf 78' lang='lat' dir='ltr'><strong>curandum</strong></span> <span class='ocrx_word' id='word_1_314' title='bbox 2341 3805 2400 3849; x_wconf 85' lang='lat' dir='ltr'><strong>ut</strong></span> <span class='ocrx_word' id='word_1_315' title='bbox 2434 3798 2490 3848; x_wconf 84' lang='lat' dir='ltr'><strong>id</strong></span> 
     </span>
     <span class='ocr_line' id='line_1_52' title="bbox 1422 3871 2488 3940; baseline -0.007 -10"><span class='ocrx_word' id='word_1_316' title='bbox 1422 3878 1681 3939; x_wconf 77' lang='lat' dir='ltr'><strong>civiliter3</strong></span> <span class='ocrx_word' id='word_1_317' title='bbox 1729 3877 1828 3926; x_wconf 84' lang='lat' dir='ltr'><strong>hoc</strong></span> <span class='ocrx_word' id='word_1_318' title='bbox 1851 3881 1952 3938; x_wconf 76' lang='lat' dir='ltr'><strong>est,</strong></span> <span class='ocrx_word' id='word_1_319' title='bbox 1974 3888 2129 3940; x_wconf 82' lang='lat' dir='ltr'><strong>quam</strong></span> <span class='ocrx_word' id='word_1_320' title='bbox 2152 3871 2374 3924; x_wconf 80' lang='lat' dir='ltr'><strong>maxime</strong></span> <span class='ocrx_word' id='word_1_321' title='bbox 2396 3888 2488 3938; x_wconf 89' lang='lat' dir='ltr'><strong>po-</strong></span> 
     </span>
     <span class='ocr_line' id='line_1_53' title="bbox 1422 3948 2485 4020; baseline -0.004 -16"><span class='ocrx_word' id='word_1_322' title='bbox 1422 3953 1692 4020; x_wconf 74' lang='lat' dir='ltr'><strong>pularibus</strong></span> <span class='ocrx_word' id='word_1_323' title='bbox 1729 3958 1786 4002; x_wconf 80' lang='lat' dir='ltr'><strong>ct</strong></span> <span class='ocrx_word' id='word_1_324' title='bbox 1823 3949 2023 4001; x_wconf 72' lang='lat' dir='ltr'><strong>civibus</strong></span> <span class='ocrx_word' id='word_1_325' title='bbox 2065 3948 2168 3998; x_wconf 73' lang='lat' dir='ltr'><strong>tuis</strong></span> <span class='ocrx_word' id='word_1_326' title='bbox 2203 3949 2485 4013; x_wconf 79' lang='lat' dir='ltr'><strong>parcendo.</strong></span> 
     </span>
     <span class='ocr_line' id='line_1_54' title="bbox 1421 4024 2500 4094; baseline -0.003 -13"><span class='ocrx_word' id='word_1_327' title='bbox 1421 4031 1604 4094; x_wconf 82' lang='lat' dir='ltr'><strong>Atque</strong></span> <span class='ocrx_word' id='word_1_328' title='bbox 1635 4043 1702 4078; x_wconf 83' lang='lat' dir='ltr'><strong>ex</strong></span> <span class='ocrx_word' id='word_1_329' title='bbox 1735 4024 1992 4092; x_wconf 79' lang='lat' dir='ltr'><strong>ejusmodi</strong></span> <span class='ocrx_word' id='word_1_330' title='bbox 2009 4026 2264 4090; x_wconf 68' lang='lat' dir='ltr'><strong>exemplis</strong></span> <span class='ocrx_word' id='word_1_331' title='bbox 2285 4026 2500 4078; x_wconf 51' lang='lat' dir='ltr'><strong>discor&amp;</strong></span> 
     </span>
     <span class='ocr_line' id='line_1_55' title="bbox 1417 4101 2484 4169; baseline -0.011 -11"><span class='ocrx_word' id='word_1_332' title='bbox 1417 4106 1616 4158; x_wconf 79' lang='lat' dir='ltr'><strong>debent</strong></span> <span class='ocrx_word' id='word_1_333' title='bbox 1651 4104 1944 4154; x_wconf 74' lang='lat' dir='ltr'><strong>blaterone·</strong></span> <span class='ocrx_word' id='word_1_334' title='bbox 1983 4101 2241 4166; x_wconf 81' lang='lat' dir='ltr'><strong>quomodo</strong></span> <span class='ocrx_word' id='word_1_335' title='bbox 2270 4103 2484 4169; x_wconf 79' lang='lat' dir='ltr'><strong>loquen-</strong></span> 
     </span>
    </p>
   </div>
   <div class='ocr_carea' id='block_1_9' title="bbox 1416 4175 2234 4246">
    <p class='ocr_par' dir='ltr' id='par_1_14' title="bbox 1416 4175 2234 4246">
     <span class='ocr_line' id='line_1_56' title="bbox 1416 4175 2234 4246; baseline -0.002 -12"><span class='ocrx_word' id='word_1_336' title='bbox 1416 4181 1562 4246; x_wconf 64' lang='lat' dir='ltr'><strong>dum,</strong></span> <span class='ocrx_word' id='word_1_337' title='bbox 1586 4180 1741 4232; x_wconf 85' lang='lat' dir='ltr'><strong>immo</strong></span> <span class='ocrx_word' id='word_1_338' title='bbox 1763 4184 1820 4228; x_wconf 77' lang='lat' dir='ltr'><strong>et</strong></span> <span class='ocrx_word' id='word_1_339' title='bbox 1840 4175 2118 4242; x_wconf 79' lang='lat' dir='ltr'><strong>legendum</strong></span> <span class='ocrx_word' id='word_1_340' title='bbox 2139 4175 2234 4238; x_wconf 63' lang='lat' dir='ltr'><strong>rit»,</strong></span> 
     </span>
    </p>
   </div>
  </div>
 </body>
</html>
