2930 4758
2320 159 2355 175 θ

1155 307 1578 364 sALsz'rn.
1616 279 1627 286 ’
2374 295 2459 362 11

272 457 540 540 ingenio
584 463 716 522 tam
762 459 1048 541 proclivi
1095 457 1179 521 ad
1224 459 1458 522 luxum
1488 459 1633 535 fuit,
1679 465 1753 522 ut
1802 465 2141 542 paternam
2169 458 2461 536 domum,

273 560 537 623 vivente
583 558 796 623 adhuc
842 564 1046 643 patre,
1105 561 1489 641 turpissima
1526 561 1778 624 ratione
1824 560 2120 624 venalem
2171 561 2458 639 haberet,

274 661 452 744 quod
481 662 576 725 illi
606 663 770 725 inter
803 663 935 724 alia
966 663 1131 724 vitia
1160 683 1202 725 a
1235 662 1334 726 M.
1369 661 1685 726 Cicerone
1713 665 2169 745 exprobratur.
2258 661 2391 725 Sed
2420 681 2463 724 a

271 761 566 826 Varrone
595 765 796 828 etiam
825 768 889 826 et
919 760 1139 826 Gellio
1165 763 1477 828 traditum
1505 769 1629 840 est,
1650 764 1929 826 eundem
1958 764 2161 827 fuisse
2192 765 2259 826 in
2276 763 2461 826 adul-

270 865 434 927 terio
466 864 942 948 deprehensum
991 866 1076 928 ab
1127 863 1348 928 Annio
1398 863 1674 940 Milone,
1720 866 2009 947 lorisque
2060 885 2332 942 caesum,
2378 883 2460 928 ac

268 965 429 1029 data
467 967 750 1048 pecunia
780 965 1164 1046 dimissum;
1213 987 1345 1048 qua
1391 966 1641 1030 ratione
1666 965 1912 1029 factum
1941 973 2065 1042 est,
2114 972 2189 1030 ut
2221 966 2319 1031 M.
2350 965 2463 1028 Ci-

267 1087 420 1132 cero
449 1069 781 1151 appellare
821 1047 1002 1131 illu'm
1047 1087 1181 1130 non
1227 1067 1649 1144 dubitaverit,
1698 1087 2071 1130 mensarum
2117 1069 2461 1145 asseclam,

269 1171 719 1233 cubiculorum
774 1169 1077 1251 pellicem
1127 1174 1192 1232 et
1242 1169 1634 1234 adulterum.
1736 1169 2107 1250 Dignitates
2156 1169 2463 1252 publicas

269 1273 494 1353 gessit,
524 1278 611 1336 'et
655 1277 1037 1356 quaesturae,
1088 1279 1163 1346 et⁸
1194 1271 1561 1334 tribunatus
1603 1271 1915 1334 honorem
1943 1279 2289 1337 assecutus
2338 1277 2461 1347 est,

269 1371 386 1435 sed
420 1374 602 1436 nulla
629 1375 898 1456 quidem
932 1373 1153 1450 laude,
1201 1378 1316 1444 aut
1345 1371 1928 1449 commendatione,
1976 1372 2145 1436 adeo
2172 1372 2465 1436 lubidine

269 1473 510 1554 magiS,
559 1494 757 1560 quam
785 1475 1058 1550 ratione,
1107 1479 1171 1536 et
1219 1475 1485 1556 publice
1513 1480 1579 1535 et
1628 1475 1942 1555 privatim
1967 1475 2175 1537 vixit:
2220 1492 2374 1535 nam
2400 1477 2466 1535 et

268 1574 356 1637 ad
392 1575 701 1658 judicum
731 1577 1046 1638 subsellia
1075 1575 1464 1649 abstractuS,
1512 1571 1774 1636 fortuna
1801 1567 2096 1637 extrema
2120 1573 2227 1658 (ut
2251 1573 2467 1656 inquit

271 1673 545 1759 Cicero)
592 1677 791 1741 stetit.
881 1675 1189 1739 Scribunt
1237 1680 1458 1738 autem
1511 1676 1945 1755 grammatici,
1999 1695 2082 1738 ea
2124 1675 2207 1738 de
2259 1693 2467 1737 causa

269 1782 500 1842 senatu
551 1778 836 1860 ejectum
885 1777 1092 1841 fuisse
1122 1797 1164 1842 a
1209 1777 1617 1854 censoribuS,
1672 1777 1848 1859 quod
1900 1778 2143 1860 ingenti
2193 1775 2466 1841 libidine

268 1873 602 1943 matronas
633 1886 1133 1944 consectaretur.
1223 1879 1399 1943 Illud
1440 1899 1703 1962 quoque
1734 1879 1817 1942 de
1846 1879 2165 1942 Sallustio
2192 1879 2467 1944 relatum

269 1986 393 2057 est,
415 1982 794 2064 patrocinio
825 1987 890 2045 et
917 1981 1140 2045 favore
1173 1978 1252 2044 C.
1271 1979 1575 2046 Caesaris
1606 1988 2025 2046 consecutum
2056 1981 2263 2045 fuisse
2292 2001 2465 2062 prae-

267 2088 484 2147 turam
515 2083 764 2148 Africae
792 2083 1133 2160 inferioriS,
1177 2103 1266 2146 ex
1291 2083 1656 2170 quadives
1674 2081 1911 2159 factuS,
1934 2089 2092 2146 ‘cum
2120 2083 2189 2144 in
2218 2080 2469 2145 Urbem

268 2185 528 2264 rediret,
559 2186 1078 2268 pretiosissimos
1106 2187 1330 2248 hortos
1359 2185 1429 2247 in
1451 2185 1713 2268 regione
1740 2184 1824 2246 ad
1856 2183 2114 2247 Malum
2142 2183 2465 2268 Punicum

173 2334 183 2341 .
269 2289 704 2372 comparavit,
755 2307 835 2351 ac
884 2287 1148 2352 Tiburti
1179 2288 1430 2365 villam,
1484 2307 1637 2370 quae
1668 2307 1713 2349 a
1740 2284 2070 2351 Cicerone
2098 2286 2328 2350 itidem
2370 2285 2469 2350 illi

271 2390 693 2477 objiciuntur.
781 2390 856 2454 ‘N
857 2412 1022 2474 eque
1050 2391 1304 2468 desunt,
1339 2392 1453 2473 qui
1483 2391 1771 2453 scribant
1800 2390 2177 2453 Terentiam
2223 2389 2324 2453 M.
2344 2387 2468 2452 Ci-

269 2496 524 2557 ceronis
565 2512 852 2556 uxorem
898 2494 982 2555 ab
1027 2512 1107 2554 eo
1148 2491 1589 2574 repudiatam,
1645 2490 1957 2553 Sallustio
2007 2490 2333 2574 nupsisse,
2386 2508 2467 2552 ac

267 2594 580 2677 deinceps
611 2593 924 2657 Messalae
957 2592 1283 2668 Corvino,
1335 2591 1483 2655 viro
1529 2590 1600 2651 in
1640 2590 2018 2672 eloquentia
2064 2592 2468 2655 clarissimo:

270 2693 450 2777 quod
507 2696 705 2757 etiam
757 2713 881 2757 suo
935 2694 1089 2759 loco
1146 2692 1555 2775 scripsimus.
1657 2692 2019 2755 Sciendum
2074 2699 2199 2772 est,
2255 2692 2467 2761 fuisse

267 2796 490 2879 plures
521 2796 908 2863 Sallustios:
951 2817 1104 2861 nam
1135 2801 1198 2860 ct
1245 2795 1467 2859 Gneus
1499 2815 1541 2859 a
1574 2794 1675 2858 Μ.
1716 2794 1941 2860 Tullio
1968 2796 2353 2873 celebratur,
2398 2796 2469 2859 in

266 2898 740 2963 Sallustiorum
769 2897 1020 2962 familia
1045 2899 1346 2981 insigni5‚
1392 2906 1460 2963 et
1490 2898 1592 2962 M.
1624 2898 1955 2976 Ciceroni,
1986 2918 2067 2963 ac
2101 2896 2222 2962 Cn.
2264 2898 2469 2962 Pom·-

272 3000 428 3082 peio
478 3000 772 3063 maxime
818 2999 1202 3065 familiaris:
1271 3000 1449 3083 quod
1502 3020 1592 3063 ex
1640 3001 1725 3063 iis
1772 3001 2067 3084 epistolis
2098 3000 2467 3084 colligitur,

270 3120 443 3184 quas
498 3100 733 3166 Cicero
791 3101 876 3165 ad
930 3100 1373 3185 Pomponium
1421 3100 1721 3165 Atticum
1771 3102 2033 3166 scribit:
2098 3103 2346 3185 quain
2397 3095 2467 3165 re

269 3203 710 3285 imprudenter
761 3203 1031 3285 quidam
1059 3204 1322 3286 decepti
1365 3208 1540 3280 sunt,
1594 3222 1746 3266 cum
1794 3202 2095 3266 Sallustii
2140 3202 2470 3286 Empedo-

272 3304 418 3367 clea
444 3302 832 3384 ignorarent,
860 3308 936 3365 ut
964 3304 1128 3369 alibi
1153 3302 1622 3369 demonstravi.
1698 3299 1889 3381 Sunt,
1921 3305 2035 3386 qui
2062 3304 2347 3385 tradant,
2378 3305 2467 3370 ad

271 3423 514 3468 annum
562 3397 923 3467 secundum
969 3410 1036 3469 et
1090 3422 1218 3469 Lx.
1266 3426 1415 3469 eum
1461 3406 1741 3482 vixisse,
1795 3410 1861 3469 et
1905 3406 1975 3468 in
2021 3408 2236 3489 patria
2279 3410 2468 3473 annis

273 3507 530 3590 aliquot
577 3512 731 3590 post
776 3507 1027 3571 obitum
1069 3506 1152 3573 C.
1201 3506 1498 3573 Caesaris
1544 3508 1719 3571 diem
1765 3514 2130 3571 extremum
2182 3510 2467 3591 obiisse:

270 3607 449 3692 quod
489 3628 576 3671 ex
623 3613 914 3673 veterum
959 3610 1442 3674 commentariis
1490 3609 1833 3691 colligitur.
1923 3609 2099 3673 Illud
2139 3616 2469 3694 praeterea

269 3708 352 3774 de
393 3711 520 3775 hoc
563 3711 715 3793 ipso
763 3708 1002 3794 Crispo
1047 3711 1286 3776 Romae
1330 3712 1787 3776 circumlatum
1827 3717 1950 3789 est,
1996 3718 2069 3776 ut
2108 3712 2296 3777 multi
2334 3719 2467 3777 tes-

267 3820 526 3880 tantur:
704 3814 746 3823 '‘

441 3918 582 3985 Hic
611 3919 749 3996 erit,
772 3924 848 3983 ut
869 3918 1210 4001 perhibent
1234 3916 1575 3981 doctorum
1602 3914 1805 3981 corda
1828 3914 2140 3994 virorum,

607 4016 886 4103 crispus
915 4018 1221 4083 Romana
1244 4019 1497 4107 primus
1526 4017 1597 4081 in
1625 4016 1952 4082 Historia.
