2930 4758
994 285 1526 349 FRAGMENTA,
1574 286 1722 335 mn.
1767 284 1883 335 111.

2427 266 2562 337 309

354 476 361 485 ·
441 431 615 497 Post
641 428 927 495 reditum
955 448 1206 509 eorum,
1240 432 1486 539 quibus
1527 436 1796 497 senatus
1837 429 1998 495 belli
2046 428 2381 516 Lepidani
2409 449 2559 513 gra-

352 534 519 599 tiam
542 532 811 596 fecerat.
872 528 1069 596 Idem.

444 634 643 713 Quod
674 634 789 698 ubi
816 633 1053 699 frustra
1078 638 1393 699 tentatum
1414 640 1544 713 est,
1566 634 1964 699 secordius
1945 654 2040 699 ire
2067 634 2306 698 milites
2333 652 2558 699 occoe-

354 755 532 821 pere,
562 755 693 800 non
738 732 948 818 aptis*
974 736 1195 815 armiS,
1226 740 1299 799 ut
1339 738 1411 800 in
1451 736 1807 877 principio,
1859 744 1927 802 et
1971 736 2231 801 laxiore
2275 734 2558 817 agmine.

362 834 624 901 Nonius.

458 936 687 1021 Atque
734 959 883 1004 eum
934 938 1135 1003 Curio
1175 936 1542 1027 laudatum,
1596 959 2078 1025 accensumque
2133 938 2560 1025 praemiorum

354 1059 499 1123 spe,
528 1040 923 1123 quibuscum
950 1040 1336 1123 optavisset,
1360 1028 1467 1104 ire⁴
1477 1040 1693 1125 jubet.
1750 1039 1950 1106 Idem.

440 1140 691 1222 Eodem
720 1147 1011 1226 tempore
1053 1142 1371 1207 Lentulus
1408 1142 1664 1227 duplici
1694 1144 1837 1208 acie
1864 1145 2086 1209 locum
2115 1143 2361 1207 editum
2387 1140 2560 1205 mul-

353 1247 425 1307 to
474 1244 793 1325 sanguine
833 1264 1103 1308 suorum
1152 1245 1534 1322 defendenS,
1587 1250 1938 1330 postquam
1981 1264 2074 1309 ex
2115 1245 2392 1309 sarcinis
2440 1261 2559 1327 pa·

349 1344 776 1409 ludamenta¹·
814 1352 1060 1423 astare,
1103 1353 1185 1417 ‘et
1233 1344 1513 1410 delectae
1577 1347 1878 1412 cohortes
1937 1346 2212 1428 intelligi
2267 1362 2562 1427 coepere.

355 1442 555 1509 Idem.

440 1546 516 1610 Si
544 1547 709 1613 nihil
745 1554 893 1617 ante
936 1549 1295 1612 adventum
1343 1566 1537 1611 suum
1565 1548 1733 1611 inter
1757 1548 2016 1632 plebem
2049 1552 2115 1611 et
2155 1552 2376 1630 patres
2405 1563 2560 1609 con-

348 1649 659 1728 venisset,
688 1669 914 1713 coram
940 1669 1011 1713 se
1037 1649 1343 1713 daturum
1368 1667 1664 1731 operam.
1732 1645 2104 1711 Priscianus
2133 1647 2176 1712 l.
2207 1663 2293 1709 xi
2306 1664 2366 1708 ν.

440 1748 607 1814 Fine
628 1751 953 1832 inguinum
985 1749 1430 1833 ingrediuntur
1458 1767 1664 1813 mare.
1725 1747 2102 1813 Arusianus.

442 1850 540 1915 M.
601 1850 971 1917 Antonius&²
1028 1850 1384 1936 perdendae
1462 1851 1770 1936 pecuniae
1842 1850 2126 1934 genitus,
2179 1866 2562 1933 vacuusque

354 1954 564 2032 curis„
588 1954 721 2017 nisi
752 1954 1165 2018 instantibus.

1261 1950 1349 2014 Id
1380 1974 1463 2016 m.

438 2052 672 2118 Muros
693 2060 1164 2119 successerant.
1228 1974 1429 2116 Idejn.

438 2154 754 2237 Saxaque
781 2156 1098 2237 ingentia,
1126 2163 1193 2221 et
1235 2165 1396 2221 axe¹²
1422 2158 1670 2223 vinctae
1697 2159 1920 2222 trabes
1947 2176 2067 2245 per
2091 2176 2374 2241 pronum
2400 2156 2563 2221 inci·

352 2256 675 2334 tabantur,
721 2258 1091 2340 axibusque
1139 2260 1517 2324 eminebant
1557 2262 1629 2323 in
1677 2260 1949 2325 modum
2005 2258 2207 2321 ericii⁰
2255 2256 2561 2325 militaris

352 2366 599 2420 veruta?
621 2358 849 2423 binum
876 2359 1144 2443 pedum.
1196 2356 1365 2423 Nou.
1401 2357 1673 2424 Servius.

442 2457 802 2525 Octavium
817 2463 1062 2539 mitem,
1092 2469 1161 2528 et
1186 2467 1459 2546 captum
1486 2463 1800 2548 pedibus.
1868 2459 2240 2524 Arusianus.

440 2559 677 2644 Igitur‘¹
706 2563 1097 2627 discubuere
1126 2563 1459 2629 Sertorius
1504 2565 1770 2629 inferior
1797 2566 1868 2628 in
1909 2563 2148 2640 medio,
2180 2581 2383 2645 super
2409 2579 2562 2626 eum

1346 2689 1562 2740 NOTAE

425 2763 450 2798 ¹⁵
476 2765 643 2831 Aptis]
697 2765 761 2816 Id
784 2773 883 2833 est,
903 2770 1085 2833 aptatis
1104 2775 1151 2820 et
1182 2772 1246 2820 ad
1281 2784 1417 2820 mm

350 2843 604 2906 expeditis.

418 2915 431 2950 ¹
464 2918 833 2983 Paludmenta]
860 2921 1291 2973 Paludamentum
1306 2937 1418 2972 ves-

350 2992 421 3044 tis
442 3001 525 3044 est
547 2994 783 3044 militaris
816 3002 871 3045 et
909 2997 1275 3061 Imperatoria,
1307 3000 1417 3061 ple-

353 3084 571 3134 rumque
608 3070 881 3121 coccinea:
934 3087 1226 3138 quanquam
1258 3076 1415 3124 etiam

352 3145 609 3197 militibus
629 3147 891 3197 tribuitur.

416 3231 454 3258 ¹¹⁸
474 3224 735 3288 Antonius]
790 3224 893 3273 Hic
914 3225 1077 3274 Pater
1098 3223 1199 3274 fult
1222 3224 1415 3274 Trium·

350 3299 471 3362 viri,
486 3299 575 3363 qui
608 3315 665 3350 re
689 3298 933 3350 adversus
968 3302 1239 3350 Cretenses
1278 3303 1415 3350 male

354 3379 521 3440 gesta,
558 3375 740 3425 morbo
780 3377 995 3427 interiit.
1084 3376 1255 3425 Homo
1313 3375 1419 3426 fuit

349 3448 539 3501 nullius
563 3450 805 3512 virtuti„
840 3451 925 3515 qui
965 3452 1136 3500 Cottae
1179 3451 1419 3500 Consulis

352 3532 409 3576 et
432 3525 651 3590 Cethegi
675 3529 861 3591 gratia,
883 3542 989 3576 orae
1028 3526 1301 3576 maritimae
1336 3542 1423 3576 cu-

350 3601 601 3650 rationem
637 3609 840 3661 nactus,
877 3601 1108 3652 Siciliam
1130 3607 1187 3652 et
1208 3602 1423 3652 Provin-

353 3675 461 3726 cias
482 3691 658 3726 omnes
683 3676 1029 3740 depopulatus
1054 3685 1147 3729 est.

406 3752 607 3876 :qud
648 3753 919 3803 Turnebus
958 3755 1107 3817 legit,
1127 3754 1237 3805 Axe
1268 3753 1421 3805 vincti

350 3841 405 3875 or
486 3863 499 3877 .

416 3908 441 3934 ⁰
473 3901 654 3965 aricii]
699 3902 901 3952 Erioius
934 3903 1169 3952 machina
1202 3910 1283 3953 est
1310 3903 1417 3954 bel-

350 3975 475 4035 lica,
492 3976 689 4025 verutis
710 3991 801 4026 seu
824 3977 1107 4046 majoribus
1131 3978 1293 4028 clavis
1328 3994 1417 4029 un·

354 4052 515 4117 dique
528 4053 755 4106 horrida.

416 4135 447 4174 Ρ
476 4129 683 4198 veruta]
724 4131 982 4182 verutum
1006 4130 1197 4200 spiculi
1219 4145 1312 4187 seu
1338 4133 1420 4200 ja-

1497 2770 1600 2819 culi
1620 2769 1822 2834 species
1841 2773 1949 2830 θεῖς
1969 2768 2053 2818 vel
2066 2766 2224 2817 etiam
2241 2765 2379 2832 quod
2401 2766 2560 2830 vulgo

1497 2845 1634 2894 ensis
1679 2845 1920 2894 laminam
1963 2848 2172 2893 vocant.
2235 2841 2310 2891 La
2351 2841 2472 2891 lame
2511 2838 2560 2892 α’

1495 2936 1588 2970 une
1609 2919 1738 2984 έρέε.

1562 3005 1586 3039 ⁴¹
1620 2996 1806 3060 Igitur]
1844 2998 1921 3046 Ut
1939 2995 2280 3058 fragmentum
2317 2991 2456 3042 istud
2487 2990 2564 3046 inq

1499 3075 1779 3138 telligatur,
1799 3072 2067 3122 sciendum
2085 3075 2186 3132 est,
2207 3068 2346 3133 qnod
2363 3068 2561 3130 optime

1496 3159 1706 3201 enarrat
1753 3148 2078 3199 doctissimus
2119 3145 2416 3208 Salmasius,
2456 3152 2564 3195 tres

1494 3226 1651 3277 fuisse
1693 3227 1915 3276 lectulos
1955 3224 2142 3288 quibus
2183 3220 2566 3272 accumbebant

1493 3310 1721 3363 veteres,
1754 3317 1874 3352 cum
1913 3300 2085 3350 cibum
2125 3301 2406 3359 sumerent,
2427 3309 2563 3345 smn-

1495 3393 1625 3443 mus,
1641 3379 1862 3438 scilicet,
1883 3375 2098 3438 medius,
2115 3380 2171 3424 et
2193 3374 2338 3423 imus.
2383 3371 2565 3422 Domi-

1495 3469 1590 3503 nus
1612 3453 1834 3504 convivii
1857 3454 1911 3501 in
1941 3451 2106 3515 primo
2142 3451 2257 3499 loco
2293 3447 2436 3498 tertii
2473 3461 2564 3498 seu

1495 3531 1584 3581 imi
1621 3529 1747 3580 lecti
1788 3527 2100 3578 accubabat:
2143 3527 2286 3576 locus
2307 3524 2564 3575 honestis-

1495 3606 1652 3656 simus
1675 3605 1886 3656 ultimus
1909 3609 2022 3652 erat
2055 3602 2289 3664 secundi,
2323 3601 2436 3651 sive
2462 3612 2566 3650 me-

1495 3681 1566 3732 dii
1611 3680 1756 3744 lecti,
1821 3678 1961 3744 quod
2005 3677 2229 3728 convivii
2281 3676 2566 3727 Dominum

1497 3757 1845 3820 contingeret,
1898 3763 1958 3804 ut
2022 3754 2180 3803 docet
2238 3751 2569 3803 Plutarchus.

1501 3833 1616 3900 His‘
1625 3838 1756 3884 bene
1779 3833 2057 3884 intellectis
2080 3831 2223 3880 nulla
2245 3832 2484 3892 superest
2507 3826 2564 3876 in

1497 3909 1596 3959 hoc
1617 3908 1910 3973 fragmento
1934 3906 2228 3957 difficultas.
2305 3901 2566 3953 Sertorius

1496 3985 1943 4034 honoratissimum
1977 3983 2146 4031 locum
2189 3979 2564 4044 occupaverit;

1497 4060 1586 4109 cui
1626 4059 1890 4126 proximus
1940 4061 2056 4106 erat
2093 4056 2147 4105 in
2188 4056 2370 4107 eodem
2403 4054 2566 4118 lecto,

1498 4133 1672 4188 medlo
1693 4135 1915 4198 scilicet,
1951 4131 2143 4184 Fabius
2182 4131 2565 4199 Hispaniensis.
