2930 4758
388 242 520 315 aen
1093 267 1157 317 c.
1205 266 1447 317 clusin
1498 265 1895 320 snnnus'rn

520 518 886 590 ORATIO
933 519 1009 585 L.
1057 518 1943 623 PHILIPPIQONTRA
1987 522 2455 591 LEPIDUM.
2510 600 2513 603 p

475 708 776 775 Maxime
803 708 1056 785 vellem,
1080 707 1160 773 P.
1187 707 1267 773 C.
1283 730 1498 794 remp.
1532 711 1819 793 quietam
1846 730 2017 787 esse,
2040 713 2247 776 autin
2273 714 2587 795 periculis

382 834 428 877 a
454 813 902 897 promtissimo
931 831 1194 895 quoque
1225 810 1518 892 defendi3
1565 813 1844 897 denique
1884 833 2095 895 prava
2136 816 2407 897 incepta
2433 835 2587 881 con-

385 916 741 981 sultoribus
785 933 984 978 noxae
1030 934 1198 979 esse.
1287 914 1421 979 Sed
1465 921 1695 980 contra
1724 916 2163 980 seditionibus
2193 918 2421 980 omnia
2448 923 2587 981 tur-

383 1018 546 1082 bata
587 1022 762 1093 sunt,
807 1023 874 1081 et
915 1017 1001 1080 ab
1045 1016 1156 1093 iis,
1189 1036 1359 1099 quos
1404 1015 1755 1097 prohibere
1797 1018 2013 1097 magis
2059 1016 2384 1091 decebat:
2430 1037 2588 1099 pos—

383 1125 614 1196 tremo,
660 1138 812 1203 quae
860 1119 1135 1199 pessimi
1183 1127 1252 1180 et
1295 1118 1666 1183 stultissimi
1710 1118 2077 1195 decrevere,
2130 1137 2214 1181 ea
2271 1120 2465 1183 bonis
2522 1124 2588 1183 et

383 1219 794 1301 sapientibus
823 1216 1128 1281 facienda
1157 1223 1328 1282 sunt.
1416 1218 1599 1281 Nam
1618 1219 1899 1305 bellum,
1918 1225 2117 1303 atque
2144 1240 2353 1297 arma,
2382 1233 2586 1303 quan·-

381 1340 583 1403 quam
628 1322 824 1384 vobis
867 1320 1103 1398 invisa,
1148 1328 1382 1398 tamen,
1429 1322 1589 1403 quia
1612 1320 1892 1404 *Lepido
1935 1322 2225 1403 placent,
2270 1321 2589 1391 sumenda

381 1426 558 1487 sunt.
648 1420 804 1485 Nisi
831 1421 998 1485 forte
1028 1424 1138 1487 cui
1181 1443 1419 1506 pacem
1462 1428 1805 1506 praestare,
1834 1428 1900 1487 et
1926 1423 2173 1487 bellum
2200 1424 2344 1506 pati
2372 1423 2589 1487 consi-

379 1525 546 1591 lium
589 1521 737 1597 est)
822 1522 982 1601 Pro,
1033 1524 1127 1588 Di
1183 1526 1363 1603 boni,
1415 1524 1557 1608 quib
1608 1526 1777 1589 hanc
1825 1526 2058 1588 urbem
2123 1527 2395 1589 omissa·
2425 1544 2589 1589 cura

381 1628 596 1695 adhuc
641 1627 909 1709 regitis3
959 1624 1057 1689 M.
1087 1626 1425 1704 AEmilius,
1473 1627 1765 1690 omnium
1807 1626 2287 1708 flagitiosorum
2332 1630 2587 1707 postre-

379 1748 554 1806 mus,
586 1728 698 1811 qui
729 1727 941 1811 pejor,
972 1746 1060 1789 an
1086 1728 1386 1807 ignavior
1410 1728 1522 1805 sit,
1556 1727 1907 1791 deliberari
1950 1747 2085 1791 non
2126 1732 2371 1811 potest,
2403 1747 2591 1791 exer-

381 1832 589 1895 citum
639 1828 1093 1915 opprimendae
1138 1830 1464 1894 libertatis
1512 1830 1733 1907 habet,
1765 1835 1833 1892 et
1876 1849 1949 1893 se
1994 1850 2033 1893 e
2076 1834 2407 1895 contemto
2452 1848 2590 1893 me-

379 1931 690 1997 tuendum
739 1930 992 1993 effecit:
1037 1949 1159 1994 vos
1207 1934 1602 2005 mussantes,
1655 1934 1721 1992 et
1764 1934 2197 1994 retractantes
2247 1932 2471 1996 verbis
2524 1936 2591 1995 et

378 2037 608 2098 vatum
639 2032 1066 2107 carminibus,
1096 2023 1335 2111 pacem
1379 2030 1626 2111 optatis
1668 2032 1905 2113 magis,
1936 2052 2142 2113 quam
2184 2030 2569 2096 defenditis·
2554 2028 2593 2067 ··'

378 2152 596 2216 neque
623 2131 1008 2213 intelligitis,
1037 2131 1322 2193 mollitia
1353 2129 1766 2195 decretorum
1810 2134 2005 2197 vobis
2049 2133 2456 2215 dignitatem,
2484 2134 2588 2197 illi

283 2244 292 2254 ’
377 2240 626 2299 metum
654 2232 925 2297 detrahi.
1013 2231 1242 2315 Atque
1285 2230 1355 2294 id
1392 2231 1543 2314 jure
1560 2240 1607 2311 ;ο
1650 2234 1967 2316 quoniam
1994 2234 2082 2297 ex
2109 2233 2373 2315 rapinis
2410 2232 2588 2298 Con—

378 2337 687 2415 sulatum,
735 2337 822 2401 ob
870 2334 1259 2400 seditionem
1303 2334 1718 2417 provinciam
1762 2354 1913 2399 cum
1956 2336 2253 2400 exercitu
2301 2335 2587 2421 adeptus

355 2445 502 2522 lest.
596 2437 780 2516 Quid
807 2437 918 2501 ille
947 2437 1034 2500 ob
1077 2436 1423 2501 benefacta
1453 2439 1763 2520 cepisset,
1795 2438 1983 2522 cujus
2014 2437 2373 2502 sceleribus
2402 2442 2589 2505 tanta

375 2542 660 2627 praemia
711 2538 1080 2602 tribuistis?
1194 2536 1291 2601 At
1348 2539 1661 2615 scilicet,‘¹
1718 2539 1790 2616 ii,
1846 2541 1985 2621 qui,
2044 2539 2131 2603 ad
2185 2545 2587 2622 postremum

376 2659 616 2725 usque,
677 2641 950 2722 legatoS,
1005 2657 1266 2723 pacem,
1327 2638 1767 2717 concordiam,
1818 2645 1887 2703 et
1946 2641 2081 2704 alia
2132 2639 2589 2725 hujuscemodi

379 2744 830 2819 decreverunt,
889 2741 1167 2823 gratiam
1201 2741 1288 2805 ab
1333 2761 1412 2804 eo
1462 2742 1823 2823 peperisse.
1914 2740 2129 2805 Immo
2174 2741 2476 2824 despecti
2520 2747 2589 2806 et

375 2843 626 2925 indigni
651 2860 793 2923 rep.
822 2841 1057 2918 habiti,
1097 2842 1351 2926 praedae
1397 2843 1549 2907 loco
1596 2844 2039 2906 aestimantur:
2089 2844 2339 2928 quippe
2378 2849 2587 2908 metu·

376 2963 619 3028 pacem
672 2945 1062 3036 repetentes,
1130 2961 1264 3038 quo
1320 2943 1614 3006 habitam
1674 2943 2042 3007 amiserant.
2158 2942 2489 3026 Equidem
2544 2962 2588 3006 a

374 3045 724 3131 principio,
783 3065 933 3110 cum
990 3031 1323 3108 Etruriam
1371 3043 1765 3132 conjurare,
1789 3045 2198 3128 proscriptos
2248 3043 2583 3124 accersiri,

440 3234 466 3270 ¹⁸
505 3235 762 3298 Nisiforte
781 3233 926 3284 alicui
945 3249 1077 3284 mm
1093 3238 1166 3285 eet
1176 3249 1338 3298 pacem
1357 3237 1491 3298 dare,
1513 3239 1561 3284 et
1584 3234 1751 3284 bellum
1766 3235 1893 3298 pati.

441 3299 458 3332 ί
505 3299 614 3362 Vos,
631 3301 748 3348 dum
777 3300 963 3362 tacetis,
993 3301 1068 3349 vel
1105 3299 1405 3361 reluctemini
1441 3299 1599 3349 verbis
1626 3305 1674 3350 et
1710 3297 1997 3349 comantibus
2030 3303 2214 3362 vntum,
2236 3297 2417 3362 optatis
2434 3297 2587 3361 magia

370 3377 555 3435 pacem,
572 3379 710 3426 quam
729 3378 833 3418 eam
851 3335 1125 3425 defenditis.

1367 3493 1421 3543 N
1425 3491 1581 3544 0¹1¹AE

350 3629 358 3640 .
439 3581 462 3615 ¹³
497 3582 623 3646 Qun]
661 3584 811 3634 Istud
833 3587 932 3650 qui,
953 3601 1056 3640 non
1079 3587 1146 3638 ad
1177 3589 1327 3638 Deos
1360 3603 1439 3637 re·
1584 3585 1608 3620 ἃ
1626 3587 1700 3638 At
1718 3587 1919 3650 scilicet]
1965 3585 2159 3638 Amara
2174 3587 2358 3651 ironia,
2370 3602 2473 3652 qua
2496 3585 2585 3636 ad·

375 3658 564 3723 fertur,
585 3658 676 3710 sed
698 3660 764 3710 ad
784 3661 1034 3726 homines,
1051 3663 1330 3719 Senatores
1345 3663 1442 3715 sci·
1521 3663 1774 3713 versarios
1818 3676 1909 3712 neu
1964 3667 2315 3727 repugnantes
2364 3661 2585 3726 inducit,

374 3737 526 3806 licet,
593 3752 717 3802 quos
781 3737 1056 3803 Philippus
1121 3740 1438 3804 appellabat.
1522 3737 1642 3802 sibi,
1660 3738 1794 3802 quod
1817 3737 1933 3790 illos
1951 3739 2173 3789 maxime
2190 3744 2391 3802 urgeat,
2404 3733 2582 3802 objeess

347 3860 360 3878 ,
376 3811 540 3864 Quasi
561 3811 782 3902 diceret,
801 3815 973 3864 Annon
988 3815 1120 3868 istud
1143 3817 1439 3880 stupendum,
1520 3821 1711 3866 tantos.

375 3903 476 3953 m,
511 3891 593 3956 qui
613 3892 734 3942 hm
768 3891 934 3941 urbm
962 3892 1150 3954 regitis,
1171 3907 1264 3942 non
1279 3892 1439 3956 proti·
1496 3939 1505 3944 ,
1583 3889 1806 3954 “Metnd
1845 3891 2003 3940 Certe
2024 3903 2203 3940 eorum
2224 3889 2355 3939 mire.
2374 3903 2581 3952 expres-

347 3963 520 4028 ,ὤιιε,
540 3981 598 4016 ne
618 3967 842 4037 Lepidus,
861 3969 942 4031 ξε.
1518 3966 1587 4016 sit
1608 3973 1665 4016 et
1685 3966 1845 4016 irrisit
1862 3965 2146 4028 insaniam,
2164 3966 2255 4030 qui
2291 3978 2387 4030 per
2406 3978 2581 4014 socor-

437 4025 642 4172 ‘ultus-e]
679 4042 744 4097 Id
775 4052 876 4110 ent,
913 4045 964 4096 id
1001 4043 1130 4096 vobis
1159 4059 1249 4110 pro
1270 4045 1436 4104 merito
1521 4043 1679 4108 diam,
1702 4041 2100 4110 Rempublicam
2120 4040 2503 4094 administrant.
2544 4089 2551 4095 .

376 4127 456 4164 aco
509 4131 526 4164 ι
2300 4139 2307 4143 -
