2930 4758
910 310 1405 382 vasonum-A,
1451 318 1600 372 mn.
1645 318 1762 370 111.
2330 302 2466 373 8oe

254 462 492 532 Curio⁸
539 462 627 529 ad
656 461 965 529 exitium
1022 482 1237 545 usque
1276 462 1574 529 insontis
1623 462 1866 527 tribuni
1913 460 2294 529 dominatus
2343 470 2468 531 est.

256 568 581 633 Lucullus
613 564 953 649 superiore
982 584 1157 629 auno
1202 566 1470 649 quantis
1514 564 1751 627 animis
1793 564 1947 630 ierit
1989 565 2058 628 in
2103 566 2184 629 L.
2217 563 2469 643 Quinc-

250 668 469 747 tium,¹‘
493 668 795 732 vidistis:
838 672 1108 749 quantae
1140 665 1432 749 denique
1475 673 1672 731 nunc⁰
1699 666 1858 731 mihi
1885 668 2114 731 turbae‘
2129 669 2468 733 concitan-

254 772 403 835 tur!
449 789 601 854 quae
629 768 956 853 profecto‘¹
984 768 1323 833 incassum
1368 773 1737 851 agerentur,
1770 770 1852 847 si,
1879 770 2087 852 prius·
2117 789 2322 853 quam
2345 790 2472 837 vos

256 872 579 938 serviendi
628 872 845 951 finem,
897 870 995 934 illi
1042 868 1514 935 dominationis
1553 868 1794 935 facturi
1833 875 2052 936 erant:
2101 872 2474 954 praesertim

258 992 415 1039 cum
442 975 548 1037 his
578 973 893 1037 civilibus
940 972 1141 1037 armis
1186 970 1368 1035 dicta
1410 966 1594 1049 alia,f
1617 971 1735 1035 sed
1778 977 2098 1036 certatum
2125 974 2492 1057 utrimque*

258 1073 349 1137 de
378 1073 821 1138 dominatione
847 1075 919 1137 in
956 1073 1153 1137 vobis
1181 1074 1287 1137 sit.
1378 1071 1621 1156 Itaque
1649 1078 1868 1137 cetera
1899 1092 1990 1136 ex
2017 1070 2334 1150 licentia,¹¹
2363 1078 2479 1139 aut

259 1174 439 1253 odio,
498 1180 616 1241 aut
656 1177 942 1239 avaritia
984 1176 1056 1241 in
1102 1181 1387 1259 tempus·
1428 1194 1650 1239 arsere
1670 1172 1707 1239 :i
1772 1172 2156 1257 permansit·i
2197 1194 2334 1239 una
2373 1192 2478 1239 res

257 1276 485 1354 modo,
530 1296 683 1360 quae
736 1276 1063 1359 utrimque
1112 1272 1425 1359 quaesitak
1454 1283 1579 1354 est,
1625 1281 1694 1340 et
1730 1280 1956 1359 erepta
1997 1278 2066 1340 in
2104 1283 2478 1359 posterumz

256 1379 369 1442 vis
396 1379 767 1456 tribunicia,
795 1380 997 1443 telum
1040 1399 1085 1443 a
1124 1380 1492 1463 majoribus
1517 1375 1822 1443 libertati¹
1853 1385 2177 1463 paratum.
2271 1376 2478 1457 Quod

261 1498 388 1560 ego
416 1497 542 1544 vos
568 1498 823 1557 moneo,
868 1498 1259 1563 quaesoque,
1303 1486 1376 1544 ut
1417 1477 1995 1544 animadvertatis:
2039 1499 2171 1544 neu
2210 1481 2482 1544 nomina

262 1600 481 1645 rerum
510 1580 599 1644 ad
625 1580 1009 1661 ignaviamm
1036 1586 1385 1659 mutanteS,
1414 1581 1625 1645 otium
1652 1599 1774 1664 pro
1803 1580 2072 1645 servitio
2101 1580 2481 1663 appelletis.

330 1768 350 1793 θ
371 1760 539 1823 Itaque
570 1766 725 1810 cetera
748 1762 952 1811 maximo
973 1776 1079 1812 cum
1098 1761 1276 1825 affectu
1292 1761 1495 1827 quesita
1515 1765 1643 1825 sunt,
1661 1760 1910 1811 secundum
1927 1758 2184 1824 licerrtiam,
2203 1763 2288 1809 aut
2306 1757 2492 1823 odium,

268 1829 353 1874 out
373 1824 649 1889 avaritiam,
663 1840 751 1889 pro
772 1826 930 1888 aliquo
959 1832 1182 1887 tempore.

1276 2001 1490 2055 NOTAE

336 2121 361 2147 ⁸
391 2114 563 2177 Curio]
595 2116 701 2166 Hic
722 2118 900 2167 consul
921 2116 1023 2167 fuit
1045 2098 1166 2182 pos't
1186 2118 1339 2183 Mpi·
1417 2118 1543 2167 dum
1587 2122 1685 2180 est,
1729 2130 1906 2165 omnes
1951 2114 2040 2179 qui
2085 2112 2487 2179 Rempublicsm

274 2188 415 2253 dum,
436 2204 568 2239 anno
597 2192 778 2241 altero.

338 2264 363 2299 b
388 2266 686 2331 Quinctium]
711 2269 814 2319 Hic
831 2284 1037 2335 quoque
1050 2269 1205 2335 Synoe
1221 2276 1342 2321 acta

274 2343 573 2395 rescindere
598 2361 871 2410 aggressus
892 2353 988 2398 est.

340 2429 361 2454 ⁰
400 2422 567 2486 Nunc]
612 2423 750 2472 Hinc
792 2423 1074 2473 clarissime
1118 2429 1342 2488 tempus,

277 2511 380 2564 quo
401 2498 583 2548 habita
604 2505 683 2548 est
711 2501 825 2549 haec
862 2500 1061 2561 concio,
1083 2498 1346 2562 cognosci-

272 2577 394 2634 tur-3
426 2573 658 2636 Lucullo,
679 2575 900 2634 scilicet,
918 2581 974 2622 et
990 2575 1129 2622 Varo
1150 2574 1344 2622 Consu-

274 2645 442 2698 libus:
482 2663 584 2713 quo
605 2663 737 2696 anno
758 2649 1039 2712 Spartacus
1073 2647 1345 2698 Gladiator

280 2727 553 2791 plusquam
583 2727 791 2788 servile,
815 2727 905 2778 sed
942 2737 1099 2790 grave
1137 2725 1347 2788 bellum,

281 2802 529 2851 adversus
566 2803 825 2852 Romanos
860 2801 1053 2862 movit;
1094 2799 1345 2850 decennio

285 2883 407 2928 ante
433 2879 674 2928 Catilinae
698 2879 1117 2942 conjurationem.

347 2952 373 2987 ‘¹
400 2955 523 3010 Quae
536 2954 771 3018 profecto]
806 2956 889 3003 De
913 2955 1077 3004 turbis
1096 2953 1345 3016 loquitur,

284 3034 342 3079 et
364 3030 501 3079 omni
524 3028 807 3090 molimine,
830 3043 930 3092 quo
966 3028 1119 3092 pauci
1141 3027 1348 3091 plebem

284 3105 579 3170 opprimere
602 3105 933 3154 festinabant.

350 3186 374 3212 ⁰
412 3179 468 3228 Su·
486 3179 643 3242 prius]
681 3179 872 3227 Sensus
902 3184 1002 3239 est,
1026 3178 1066 3225 si
1103 3176 1264 3226 verba
1286 3191 1352 3225 ex

288 3254 534 3306 orationis
572 3260 783 3303 textura
822 3253 1109 3314 abstrahas,
1148 3253 1354 3301 Frustra

288 3330 495 3394 operatis
523 3331 695 3378 nobiles
728 3327 857 3377 vobis
876 3329 1117 3394 quicquam
1134 3329 1191 3376 de
1212 3327 1357 3377 servi·

290 3407 363 3456 tio
402 3412 553 3456 vestro
589 3406 879 3467 remissurus,
921 3406 1015 3454 uisi
1052 3409 1227 3454 vosmet
1263 3404 1357 3466 ipsi

278 3485 457 3546 jugum
471 3482 796 3539 exemerim,-
828 3481 1191 3545 quandoquidem
1207 3481 1283 3529 illi
1304 3480 1357 3530 in

290 3575 345 3609 eo
372 3564 481 3608 sunt
514 3562 623 3620 toti,
643 3563 697 3607 ut
727 3558 855 3606 vobis
882 3557 1032 3618 mqp‘us
1065 3571 1181 3608 onus
1213 3557 1358 3620 impo-

292 3639 430 3698 nunt,
449 3635 746 3697 quantumvis
772 3634 869 3682 illis
888 3648 1028 3696 usque
1050 3637 1099 3682 et
1118 3647 1261 3696 usque
1282 3631 1360 3680 ob-

294 3709 758 3772 seq-messueritis.

364 3781 387 3814 t
418 3783 569 3831 Dicta
588 3782 711 3843 ulia]
749 3781 812 3830 Id
836 3788 935 3847 est,
956 3783 1086 3832 aliud
1102 3790 1362 3846 proetexue-

300 3862 434 3908 runt.

366 3942 393 3977 ⁸
442 3933 712 3998 Utrimque]
772 3935 913 3983 Cave
968 3935 1043 3984 ita
1086 3934 1368 3999 intelligas,

302 4009 453 4074 quasi
495 4010 614 4058 hinc
655 4010 807 4073 pauci
843 4011 1062 4074 nobiles,
1094 4011 1235 4060 illinc
1266 4017 1369 4062 ste-

304 4084 471 4136 terint
506 4084 741 4148 Tribuni,
781 4093 869 4134 aut
908 4086 1218 4150 quicumque
1250 4087 1370 4150 jura

303 4160 487 4228 populi
525 4161 900 4226 reposcebant:
943 4158 1036 4213 sed
1080 4163 1371 4228 intelligen-

1419 2196 1764 2259 agitaverunt,
1801 2193 2110 2257 quicumque
2155 2191 2366 2242 tandem
2409 2191 2489 2241 illi

1418 2270 1640 2333 fuerint,
1666 2270 1722 2317 id
1753 2282 1910 2318 unum
1946 2268 2261 2332 quaesivisse,
2291 2272 2352 2317 ut
2386 2267 2488 2317 Po·

1420 2348 1544 2411 pulo
1592 2345 1860 2396 servitium
1905 2336 2252 2408 imponerent,
2293 2349 2346 2393 et
2390 2342 2491 2408 ipsi

1424 2423 1829 2472 dominarentur.

1489 2495 1514 2530 ¹¹
1547 2499 1631 2546 Ex
1648 2497 1866 2556 licentia]
1901 2495 2220 2557 Deploratus
2258 2498 2342 2541 est
2365 2492 2490 2542 Rei-

1424 2570 1651 2636 publicae
1674 2576 1856 2632 status,
1879 2569 2082 2633 quando
2105 2567 2284 2632 cuivis,
2301 2569 2421 2634 quia
2435 2575 2494 2620 et

1426 2647 1518 2695 alii
1535 2645 1745 2709 impune
1766 2643 1982 2708 faciunt,
1995 2644 2128 2692 male
2151 2639 2323 2700 facere
2345 2645 2490 2694 licet.

1491 2720 1506 2752 ¹
1540 2721 1740 2782 Arserej
1778 2720 1844 2769 Id
1867 2727 1968 2782 est,
2004 2736 2262 2784 quanquam
2299 2720 2494 2770 durissi-

1424 2815 1521 2862 ma,
1540 2803 1696 2846 tamen
1711 2797 2064 2861 proeterierunt.

1485 2872 1503 2915 J
1542 2873 1838 2934 Permanet]
1883 2872 1946 2920 Id
1971 2881 2071 2934 est,
2106 2887 2246 2920 unum
2268 2873 2496 2923 remansit

1425 2963 1626 3012 semper,
1643 2949 1762 3010 quod
1778 2948 1902 2995 rixoe
1913 2952 2074 3010 perpet
2081 2963 2153 2995 uoe
2166 2962 2328 2996 ansam
2345 2948 2495 2996 dedit.

1495 3023 1519 3056 Β
1559 3023 1797 3085 Quoesita]
1839 3023 1956 3071 Hoc
1993 3023 2138 3082 dicit,
2158 3023 2376 3084 Syllam,
2400 3024 2497 3074 Ca-

1434 3103 1615 3163 tulum,
1638 3103 1930 3163 Curionem,
1958 3101 2249 3162 Lucullum,
2270 3099 2497 3164 singulos

1433 3177 1674 3240 denique,
1693 3191 1788 3238 per
1812 3191 1874 3224 ea
1893 3183 2147 3239 tempora,
2171 3175 2312 3240 pacis
2335 3182 2390 3224 et
2412 3175 2503 3226 bo-

1435 3253 1488 3301 ni
1525 3254 1723 3318 publici
1762 3253 1960 3318 speeie,
1999 3254 2177 3304 civiles
2216 3253 2501 3304 discordias

1434 3330 1694 3392 movisse;
1726 3346 1844 3379 cum
1880 3330 2010 3380 illud
2049 3330 2202 3380 modo
2238 3330 2502 3394 quaesivis-

1437 3410 1571 3469 sent,
1594 3421 1697 3470 qua
1728 3407 1950 3470 ratione,
1973 3407 2125 3456 Plebi
2158 3405 2366 3456 ademta
2385 3407 2502 3456 Tri-

1439 3482 1641 3533 bunitia
1663 3489 1945 3548 potestate,
1977 3489 2032 3532 et
2059 3484 2296 3534 Tribunis
2329 3483 2504 3533 defen-

1438 3558 1658 3620 soribus,
1679 3573 1743 3608 ea
1765 3559 1970 3623 placida
1998 3559 2061 3608 ad
2095 3559 2366 3610 arbitrium
2389 3568 2502 3611 ute-

1440 3639 1639 3683 rentur.
1704 3633 1865 3684 Jocus
1886 3640 1967 3684 est
1989 3634 2168 3700 itaque
2208 3635 2504 3698 verborum,

1441 3709 1495 3757 in
1518 3723 1574 3757 re
1597 3708 1818 3758 maxime
1843 3710 1980 3760 seria
2009 3725 2126 3759 cum
2159 3710 2305 3773 dicit,
2324 3725 2506 3759 reman-

1439 3785 1555 3833 sisse
1590 3789 1636 3834 et
1679 3786 1930 3848 quoesitum
1969 3801 2065 3836 esse
2103 3785 2325 3849 idipsum
2365 3784 2504 3850 quod

1442 3867 1653 3923 ereptum
1675 3867 1762 3911 est.

1508 3936 1522 3968 ¹
1561 3939 1822 4002 Liber-tuti]
1863 3940 2034 3991 Antea
2049 3940 2288 4004 vidimus,
2313 3942 2448 4005 quod
2473 3957 2506 3992 a

1448 4015 2390 4081 PatribusGopprimeretur,secessisse
2401 4019 2508 4083 ple-

1444 4089 1594 4152 bem3
1631 4105 1795 4156 eoque
1829 4089 2128 4144 defensores
2161 4092 2261 4143 sibi
2297 4107 2506 4160 parasse

1442 4164 1715 4217 Tribunos.
