2930 4758
1102 707 1220 795 IN
1260 718 1836 797 SALLUSTIU
1845 719 1938 793 M

419 988 2412 1219 }‘DECLAMAT10

804 1592 1275 1661 CICERONI
1323 1594 1626 1665 FALSO
1672 1592 2243 1687 TRIBUITUR.

1266 1950 1812 1999 ave-w

431 2221 571 2309 EA
602 2246 866 2310 demum
892 2266 1135 2331 magna
1159 2246 1476 2332 voluptas
1507 2253 1636 2326 est,
1685 2245 1926 2330 Crispe
1972 2247 2273 2324 Sallusti,
2306 2248 2637 2331 aequalem

435 2367 517 2412 ac
554 2366 783 2430 parem
822 2348 1043 2414 verbis
1088 2349 1297 2412 vitam
1344 2368 1560 2432 agere,
1597 2367 1810 2432 neque
1854 2350 2213 2432 quicquam
2237 2353 2374 2413 tam
2402 2350 2638 2414 obsce-

429 2469 585 2514 num
612 2448 852 2526 dicere,
884 2450 996 2513 cui
1024 2469 1154 2514 non
1178 2451 1265 2514 ab
1292 2451 1483 2514 initio
1505 2450 1806 2532 pueritiae
1841 2452 2022 2514 omni
2052 2471 2285 2534 genere
2311 2451 2636 2515 facinoris

432 2555 599 2614 aetas
654 2555 772 2614 tua
815 2551 1236 2633 respondeat,
1291 2556 1367 2615 ut
1409 2551 1626 2616 omnis
1673 2553 1892 2616 oratio
1938 2553 2235 2616 moribus
2291 2555 2635 2616 consonet.

430 2650 673 2734 Neque
702 2653 894 2728 enim,
927 2654 1044 2734 qui
1071 2655 1165 2717 ita
1187 2654 1374 2732 vivit,
1403 2654 1506 2719 uti
1533 2658 1628 2732 tn,
1659 2653 1864 2731 auter,
1896 2672 1977 2716 ac
2005 2661 2104 2730 tu,
2148 2653 2338 2736 loqui
2379 2657 2636 2736 potest:

430 2772 663 2836 neque,
722 2756 838 2836 qui
886 2760 1024 2819 tam
1074 2755 1263 2820 illoto
1319 2773 1621 2819 sermone
1669 2755 1898 2832 utitur,
1954 2755 2096 2820 vita
2142 2755 2474 2847 honespior
2511 2757 2636 2817 est.

434 2852 594 2932 Quo
622 2873 729 2917 me
754 2859 1030 2928 vertam,
1058 2855 1140 2918 P.
1174 2855 1303 2920 Cle
1349 2856 1522 2919 unde
1560 2855 1818 2920 initium
1855 2855 2162 2919 sumam?
2210 2855 2428 2938 majus
2465 2855 2639 2918 enim

431 2955 596 3019 mihi
618 2954 883 3018 dicendi
902 2974 1067 3018 onus
1092 2955 1471 3038 imponitur,
1491 2975 1624 3038 quo
1641 2958 1856 3020 notior
1885 2962 1988 3020 est
2015 2964 2288 3038 uterque
2317 2964 2636 3019 nostrum.

436 3055 639 3135 Quod
670 3056 731 3120 si
761 3063 878 3121 aut
930 3057 1013 3120 de
1059 3077 1211 3121 mea
1252 3058 1413 3135 vita,
1453 3063 1652 3142 atque
1693 3059 1978 3136 actibuS,
2019 3057 2176 3122 huic
2211 3056 2639 3120 conviciatofi

430 3158 854 3241 respondero,
875 3158 1135 3222 invidia
1158 3158 1433 3240 gloriam
1464 3165 1935 3241 consequetur:
1965 3162 2106 3234 aut,
2131 3158 2190 3222 si
2219 3157 2414 3242 hujus
2433 3155 2640 3234 facta,

430 3269 673 3336 mores,
703 3277 966 3324 omnem
1018 3265 1282 3324 aetatem
1334 3260 1693 3339 nudavero‚
1723 3261 1790 3322 in
1840 3260 2018 3323 idem
2063 3260 2299 3328 vitium
2348 3256 2640 3322 incidam

432 3361 893 3440 procacitatiS,
925 3360 1107 3445 quod
1135 3360 1292 3424 huic
1320 3359 1593 3443 objicio.
1640 3358 1724 3423 Id
1753 3378 1901 3437 VOS,
1935 3360 1994 3423 si
2018 3359 2180 3423 forte
2209 3356 2638 3433 offendimini,

425 3457 677 3540 justius
720 3459 899 3539 huic,
952 3480 1152 3542 quam
1204 3459 1392 3536 mihi,
1439 3479 1829 3523 succensere
1882 3459 2162 3536 debetiS,
2212 3458 2330 3542 qui
2382 3456 2640 3522 initium

432 3557 847 3624 introduxiw
932 3559 1080 3642 Ego
1108 3561 1284 3624 dabo
1313 3579 1607 3644 operam,
1639 3563 1716 3622 ut
1753 3565 1822 3624 et
1868 3576 1993 3642 pro
2038 3578 2146 3622 me
2181 3558 2453 3622 minimo
2485 3575 2640 3621 cum

1428 3721 1649 3772 NOTAE

500 3841 524 3868 ⁸
555 3833 759 3884 Initium
777 3834 1071 3900 introduxit]
1091 3835 1339 3886 Queritur
1356 3841 1494 3886 uter·
1575 3835 1716 3898 dam,
1733 3835 2126 3885 declamationes
2141 3835 2268 3885 istas
2287 3849 2318 3882 a
2335 3831 2642 3897 quibusdam

436 3925 555 3975 que,
588 3916 645 3959 et
686 3911 960 3960 Sallustius
1003 3916 1060 3960 et
1098 3909 1301 3972 Cicero,
1337 3911 1494 3975 quod,
1576 3911 2026 3961 Declamatoribus
2049 3911 2271 3973 scriptas
2297 3915 2514 3969 tautum,
2537 3920 2642 3956 non

437 3985 536 4036 sibi
571 3985 639 4036 ab
678 3988 844 4036 altero
890 3986 1079 4051 injuria
1120 3985 1314 4047 oblata,
1351 3987 1499 4050 prior
1577 3988 1826 4037 recitatas
1847 3986 2023 4037 fuisse.
2087 3985 2192 4036 Sed
2221 4001 2284 4036 ea
2314 3985 2382 4033 de
2423 3989 2500 4045 re,
2533 3981 2646 4047 qui-

435 4061 705 4111 lacesaitus
722 4060 911 4112 fuerit:
947 4061 1087 4126 qnod
1105 4061 1333 4126 quidem,
1366 4077 1499 4125 prae-
1579 4063 1677 4113 bus
1716 4069 1921 4113 tantum
1965 4063 2068 4114 erit
2106 4061 2223 4126 otii,
2257 4060 2398 4112 docti
2434 4059 2644 4124 judica-

439 4141 525 4186 ἱει-
552 4136 672 4201 alia,
710 4151 795 4188 me
834 4138 1057 4188 maxime
1091 4145 1267 4188 movet
1297 4144 1357 4188 ut
1392 4152 1503 4188 cre·
1580 4139 1731 4189 bunt.
