2930 4758
386 294 517 361 308
1096 313 1160 364 c.
1206 308 1448 361 omem
1505 308 1902 362 sunusrn

389 460 457 521 et
506 455 693 532 illuc,
732 462 1026 519 munerae
1070 454 1309 523 ditium
1359 452 1798 521 dominorum.
1885 452 2138 541 Atque‘
2174 458 2322 524 haec
2365 458 2596 523 eadem

386 576 521 622 non
562 561 714 622 sunt
756 558 1163 639 agrestibus;
1212 555 1335 621 sed
1361 557 1732 623 creduntur*
1774 559 1940 623 inter
1971 560 2337 643 potentium
2383 559 2602 626 inimi-

391 659 609 736 citinS,
664 658 971 741 donoque
1023 658 1261 722 dantur
1309 659 1381 722 in
1428 659 1814 741 provincias
1858 661 2381 742 magistratibus.
2487 661 2604 728 Ita

390 766 745 845 pugnatur,
790 766 857 824 et
900 760 1188 826 vincitur
1225 762 1506 845 paucis:
1548 761 1802 845 plebes,
1831 760 2298 845 quodcumque
2329 762 2597 841 accidit,

389 878 514 945 pro
566 862 763 926 victis
788 865 912 939 est,
939 866 1005 925 et
1047 862 1114 925 in
1140 862 1287 927 dies
1314 864 1530 945 magis
1571 862 1730 927 erit:
1761 864 1822 927 si
1855 863 2124 947 quidem
2169 863 2420 947 maj0re
2441 883 2602 928 cura

390 960 903 1027 dominationem
946 963 1044 1029 illi
1080 964 1478 1042 retinuerint,
1523 982 1724 1047 quam
1749 982 1874 1030 vos
1917 964 2356 1057 repetiveritis
2401 964 2601 1029 libet-

393 1067 623 1129 tatem.
1680 1054 1696 1069 ’
1825 1074 1862 1106 '⁵

472 1163 846 1248 Postquam
872 1184 1173 1248 egressus
1192 1167 1558 1249 angustias,
1645 1162 1907 1230 Messus.

468 1262 582 1327 Ad
614 1264 934 1349 Cyzicum
960 1269 1251 1351 perrexit
1276 1268 1576 1333 firmatus
1599 1269 1821 1333 animi.
1899 1264 2006 1331 Ex
2036 1264 2262 1331 eodem.

475 1364 575 1430 Ut
602 1369 913 1433 sustinere
934 1389 1217 1453 corpora
1246 1370 1542 1454 plerique
1569 1377 1992 1454 nequeuntes»,
2019 1367 2240 1447 fessi,¹¹
2267 1388 2448 1434 arma
2475 1386 2603 1435 sua

388 1467 675 1551 quisque
692 1475 942 1535 stantes
970 1471 1437 1535 incumberent.
1515 1468 1693 1534 Idem
1722 1476 1790 1535 et
1821 1468 2096 1533 Servius.

472 1567 582 1634 Ac
630 1571 853 1635 statim
896 1570 1184 1653 fugitivi,
1235 1576 1464 1637 contra
1503 1577 1916 1661 praeceptum
1979 1573 2195 1650 ducis»,
2237 1590 2472 1653 rapere
2511 1568 2602 1636 ad

388 1675 694 1754 stuprum
720 1671 1005 1754 virgines
1029 1679 1521 1756 matronasque.
1617 1670 1883 1736 Nonius.

478 1772 745 1851 Quibus
802 1793 845 1837 a
901 1774 1195 1838 Sertorio
1240 1776 1540 1857 triplices
1590 1775 1852 1841 insidiae
1895 1794 2014 1858 per
2059 1774 2334 1839 idoneos
2387 1774 2600 1839 saltus

387 1874 632 1957 positae
654 1880 871 1939 erantz
909 1872 1163 1959 prima,i
1192 1896 1347 1959 quae
1368 1876 1548 1940 fonte
1579 1877 1911 1942 venientes
1941 1874 2298 1959 exciperet.
2379 1878 2556 1939 Serv.
2589 1922 2598 1933 ,

473 1973 717 2056 Ingens
742 1977 891 2058 ipse
915 1976 1181 2052 virium,
1212 1981 1413 2059 atque
1434 1977 1659 2039 animi.
1730 1974 2103 2040 Arusianus.

470 2074 730 2167 Locum
749 2078 1026 2154 nullum,
1055 2077 1184 2141 nisi
1213 2078 1282 2141 in
1300 2096 1433 2160 quo
1450 2078 1688 2141 armati
1713 2074 2128 2142 institissent.
2198 2070 2398 2141 Idem.

468 2174 564 2240 At
589 2176 852 2261 Oppius
887 2185 1247 2262 postquam
1286 2198 1486 2242 orans
1513 2179 1677 2243 nihil
1703 2179 2126 2263 proficiebat,
2158 2176 2390 2242 timide
2421 2182 2602 2241 veste

388 2282 635 2343 tectum
663 2282 1015 2363 pugionem
1044 2278 1359 2364 expedire
1409 2287 1710 2359 conatus,
1749 2302 1792 2345 a
1834 2278 2446 2361 Cotta‘Vulcioque
2478 2279 2601 2342 im-

385 2381 667 2465 peditur.
718 2377 982 2446 Nonius.
1030 2387 1051 2416 ‘
1072 2383 1289 2465 Pugio
1316 2388 1417 2447 est
1440 2382 1664 2447 brevis
1695 2378 1996 2464 gladius-⁹

473 2481 860 2569 Castrisque
890 2485 1173 2562 collatiS,
1213 2504 1442 2569 pugna
1469 2489 1694 2548 tamen
1736 2483 1999 2565 ingenio
2026 2481 2162 2547 loci
2207 2481 2602 2564 prohibeba-

388 2589 513 2649 tur.
576 2583 775 2647 Idem.
1931 2613 1938 2620 ’
2107 2639 2126 2654 ,

475 2686 609 2750 Sed
632 2685 996 2768 Pompeius
1039 2705 1084 2750 a
1121 2687 1343 2769 prima
1372 2686 1840 2766 adolescentia,
1895 2704 2192 2752 sermone
2240 2684 2597 2768 fautorum,

386 2787 669 2851 similem
704 2786 845 2850 fore
874 2806 947 2850 se
988 2786 1257 2850 credens
1288 2784 1682 2852 Alexandro
1721 2788 1881 2870 regi,
1928 2786 2112 2852 facta
2163 2785 2599 2869 consultaque

390 2885 537 2971 ejus
567 2886 837 2971 quidem
860 2888 1147 2950 aemulus
1175 2893 1337 2953 erat.
1406 2885 1675 2955 Nonius.

476 2987 745 3054 Dubius
767 2990 1049 3056 consilii.
1115 2989 1494 3056 Arusianus,

1392 3197 1606 3250 NOTAE

451 3329 475 3356 θ
495 3317 723 3388 Munera]
778 3325 971 3376 Munus
992 3329 1089 3377 hoc
1120 3327 1342 3378 maxime
1365 3334 1450 3378 est
1529 3342 1656 3393 qnos
1688 3327 1926 3393 dirigitur
1961 3329 2150 3394 oratio,
2175 3329 2318 3395 qnasi
2351 3344 2470 3380 cum
2495 3333 2597 3380 sto·

387 3396 724 3461 invidiosumg
778 3402 1027 3465 supponit
1082 3403 1237 3466 enim,
1291 3417 1451 3466 penes
1527 3405 1710 3452 macho
1744 3404 1965 3469 diceret,
1997 3405 2180 3456 »Suntne
2204 3407 2279 3456 iai
2311 3407 2456 3456 multo
2477 3404 2596 3465 seli-

387 3473 599 3522 eosdem
632 3489 747 3524 esse
782 3476 1027 3527 Dominos
1059 3478 1187 3527 istas
1223 3478 1451 3528 ambula·
1527 3480 1677 3529 eiures
1696 3482 1781 3543 qni
1794 3480 2182 3545 σωάαηίανῖξο.

388 3547 556 3600 tiones
594 3550 895 3612 probibere:
947 3558 1103 3618 atque
1136 3553 1289 3603 etiam
1325 3554 1452 3603 invi·
1595 3553 1618 3586 ¹²
1653 3556 1812 3620 Festi]
1855 3557 2007 3607 Hanc
2029 3573 2211 3609 vocem
2239 3572 2305 3608 ex
2337 3559 2593 3624 iuterpre-

388 3622 530 3672 diam
571 3632 727 3688 auget
748 3641 847 3674 vox
868 3627 1061 3689 ditium,
1097 3643 1200 3692 qna
1229 3628 1453 3678 domiuo·
1532 3637 1763 3681 tamento
1805 3632 2035 3684 additam
2065 3633 2227 3684 fnisse
2264 3635 2444 3682 Douza
2473 3647 2596 3684 con·

390 3714 505 3750 rum
526 3697 831 3749 felicitatem
858 3702 923 3751 ob
942 3703 1117 3751 oculos
1140 3702 1304 3766 ponit.
1533 3707 1732 3769 tendit;
1793 3716 2058 3774 totumque
2117 3709 2466 3772 fragmentum
2525 3724 2593 3758 ex

454 3773 477 3806 f
504 3772 687 3838 Atque]
727 3772 971 3825 Arbitror
1004 3776 1143 3825 istud
1176 3776 1276 3825 sibi
1309 3775 1450 3840 obje-
1529 3782 1792 3832 Frontone
1828 3784 1904 3832 ita
1925 3785 2227 3834 constituit:
2277 3785 2344 3836 Ut
2363 3784 2597 3836 udinem

387 3850 519 3901 cisse
562 3852 850 3901 Tribunum
894 3861 1145 3916 nostrum,
1189 3869 1255 3902 ex
1296 3862 1447 3918 parte
1526 3873 1721 3921 corpora
1760 3865 2060 3922 nequeuntes,
2101 3876 2238 3910 arma
2275 3875 2363 3910 aaa
2403 3862 2595 3925 quinque

387 3937 584 3991 eorum,
606 3927 829 3991 quicum
844 3935 990 3977 extra
1014 3929 1193 3978 urbem
1215 3936 1449 3994 agerent,
1527 3932 1710 3982 instans
1727 3934 2028 3984 incumberet.

373 4000 464 4064 jus
486 4007 659 4050 tamen
680 4003 939 4053 habebant
952 4001 1195 4068 suffragii.
1593 4008 1608 4042 ¹
1638 4009 1830 4074 Prima]
1873 4011 2028 4062 Nunc
2047 4011 2250 4063 insidiae
2271 4017 2593 4078 usurpantur

452 4082 479 4117 ⁸
513 4077 796 4140 creduntur]
858 4077 1145 4144 Responsio
1188 4086 1289 4144 est,
1331 4093 1447 4145 qnae
1528 4089 1731 4136 tantum
1751 4099 1961 4136 numero
1981 4087 2186 4150 plurali.

388 4150 609 4200 mxime
648 4153 765 4204 illoc
806 4168 1119 4221 exasperare
1158 4155 1343 4222 possit,
1379 4155 1446 4208 ad
