2930 4758
866 298 964 347 nn
1010 298 1181 349 nav.
1229 296 1686 347 oRmNANnA
1742 298 1856 345 ΕΡ.
1905 299 1954 345 1.
2385 279 2524 349 34¹7

314 460 651 525 quaquam
696 462 779 507 eo
828 449 1063 526 postea
1104 445 1326 509 hebeti
1372 450 1570 529 atque
1617 444 1884 521 claudo,
1933 463 2054 526 pro
2096 444 2391 509 exercito
2421 444 2519 511 nti

315 545 561 609 volunt.
653 544 841 630 Nam-
861 546 1305 628 imprudentia
1330 547 1642 630 pleraque
1669 552 1736 609 et
1763 564 1836 609 se
1865 545 2312 630 praecipitant.
2381 543 2520 610 Vo-

314 665 458 709 rum
486 647 635 711 haec
676 652 744 710 et
788 649 1011 711 omnia
1054 648 1233 711 mala
1274 649 1519 731 pariter
1557 667 1710 710 cum
1739 648 1986 711 honore
2014 648 2327 739 pecuniae=
2350 648 2522 713 desi-

313 754 494 825 nent,
522 751 579 813 si
607 768 821 832 neque
847 750 1299 831 magistratus»,
1327 769 1544 833 neque
1572 750 1710 815 alia
1731 750 1938 831 vulgo
1965 748 2296 831 cupienda
2319 770 2522 815 vena-

314 850 409 915 lia
432 857 643 915 erunt.
731 849 843 914 Ad
870 850 997 915 hoc
1026 850 1508 933 providendum
1537 857 1661 928 est,
1713 871 2004 935 quonam
2049 850 2252 915 modo
2295 851 2520 932 Italia,

314 960 520 1033 atque,
543 952 908 1034 provinciae
937 953 1209 1017 tutiores
1240 953 1396 1017 sint:
1440 953 1513 1017 id
1535 952 1716 1035 quod
1741 954 1925 1017 factu
1959 952 2136 1031 haud
2165 954 2521 1019 obscurum

316 1058 443 1117 est.
535 1051 717 1117 Nam
751 1053 957 1115 iidem
986 1055 1208 1117 omnia
1235 1059 1533 1132 vastant,
1565 1074 1726 1118 suas
1776 1055 2141 1119 deserendo
2169 1055 2426 1134 domos,
2455 1063 2524 1122 et

315 1175 435 1239 per
462 1154 775 1239 injuriam
804 1156 1057 1219 alienas
1086 1157 1504 1239 occupando.
1578 1156 1750 1221 Item
1775 1177 1882 1234 ne,
1915 1162 1986 1221 ut
2013 1155 2252 1234 adhuc,
2280 1156 2524 1221 militia

312 1258 557 1341 injusta
602 1263 714 1322 aut
742 1257 1093 1340 inaequalis
1120 1258 1245 1321 sit:
1293 1278 1447 1321 cum
1475 1259 1592 1321 alii
1619 1259 1907 1340 triginta,
1938 1276 2098 1340 pars
2125 1256 2378 1319 nullum
2407 1258 2524 1321 sti·-

314 1359 631 1443 pendium
684 1358 913 1423 faciet:
976 1365 1042 1423 et
1092 1359 1480 1425 frumentum
1534 1360 1630 1437 id,
1683 1359 1867 1443 quod
1923 1364 2120 1423 antea
2174 1358 2525 1442 praemium

316 1460 603 1541 ignaviae
631 1460 779 1539 fuit,
811 1481 931 1544 per
956 1463 1321 1547 municipia
1346 1469 1413 1527 et
1442 1464 1754 1527 colonias
1781 1463 1914 1526 illis
1961 1461 2118 1525 dare
2150 1462 2523 1536 conveniet,

320 1582 473 1627 cum
502 1563 849 1647 stipendiis
877 1563 1187 1629 emeritisi
1212 1566 1447 1629 domos
1473 1567 1874 1630 reverterinta
1929 1563 2106 1642 Quae
2134 1560 2522 1646 reipublic'ae

314 1665 710 1747 necessaria,
762 1665 1013 1751 tibique
1064 1668 1357 1751 gloriosa
1402 1675 1586 1733 ratus
1632 1686 1804 1747 sum,
1855 1686 2054 1751 quam
2096 1664 2524 1750 paucissimis

319 1768 604 1833 absolvi.
694 1766 857 1831 Non
912 1770 1103 1854 pejus
1161 1770 1441 1847 videtur,
1496 1789 1723 1853 pauca
1775 1790 1947 1834 nunc
2009 1770 2091 1833 de
2140 1768 2324 1833 facto
2372 1784 2524 1831 meo

318 1870 661 1935 disserere.
752 1870 1063 1954 Plerique
1104 1873 1418 1937 mortales
1450 1871 1541 1936 ad
1580 1870 2026 1955 judicandum
2073 1871 2240 1935 satis
2281 1866 2528 1951 ingenii

318 1974 583 2051 habent,
616 1981 733 2039 aut
758 1974 1081 2043 similant:
1124 1993 1349 2039 verum
1396 1974 1574 2037 enim
1621 1971 1712 2036 ad
1737 1969 2283 2056 reprehendendaJ
2313 1969 2530 2036 aliena

319 2078 525 2156 facta,
556 2085 675 2143 aut
703 2077 909 2155 diota,
940 2076 1127 2141 ardet
1176 2076 1488 2141 omnibus
1519 2074 1812 2156 animus;
1854 2076 1976 2141 vix
2023 2074 2188 2139 satis
2231 2077 2532 2156 apertum

322 2201 421 2259 οε,
450 2188 563 2247 aut
588 2181 817 2264 lingua
846 2183 1112 2263 promta
1139 2177 1423 2254 videtur,
1476 2194 1633 2259 quae
1682 2176 2001 2241 meditata
2050 2179 2320 2259 pectore
2349 2173 2533 2239 evol-

319 2288 469 2351 vat:
514 2282 761 2367 quibus
800 2300 909 2345 me
960 2279 1330 2364 subjeetum
1367 2278 1546 2341 haud
1593 2278 1893 2361 poenitet,
1923 2278 2134 2359 magis
2161 2271 2534 2339 reticuissek

320 2386 591 2469 pigeret.
681 2383 865 2448 Nam
895 2384 1035 2447 sive
1063 2382 1217 2458 hac,
1264 2399 1382 2444 seu
1419 2379 1690 2444 meliore
1738 2378 1873 2444 alia
1899 2377 2015 2442 via
2042 2397 2309 2462 perges;
2355 2396 2398 2440 a
2425 2389 2532 2440 me

324 2489 593 2572 quidem
625 2507 747 2570 pro
769 2485 943 2550 virili
971 2488 1165 2568 parte
1194 2481 1444 2548 dictum
1473 2489 1540 2547 et
1560 2482 1864 2567 adjutum
1888 2480 2104 2544 fuerit.
2166 2477 2532 2562 Reliquum

323 2596 427 2656 est
454 2595 713 2675 optare,
743 2589 867 2666 uti,
898 2608 1047 2670 quae
1078 2586 1202 2652 tibi
1253 2586 1645 2670 placuerint,
1676 2606 1758 2650 ea
1804 2584 1923 2650 Dii
1966 2580 2372 2648 immortales
2417 2599 2535 2664 ap·

322 2690 627 2777 probent,
653 2693 951 2775 beneque
980 2690 1241 2756 evenire
1263 2690 1506 2754 sinant.

1330 2848 1544 2899 NOTAE
1587 2872 1595 2878 ·

326 2979 331 2986 -
391 2949 406 2984 ¹
438 2948 695 3012 Emeritia]
760 2949 827 2999 Id
860 2954 961 3012 est,
994 2953 1241 3014 postquam
1278 2948 1395 3010 legi·
1474 2946 1790 2998 hendebant.

328 3028 415 3078 but
432 3027 721 3080 destinatum
732 3031 918 3090 tmpus
937 3027 1127 3076 militia
1144 3026 1395 3078 macene.
1539 3023 1564 3058 ¹‘
1597 3019 1884 3084 Reticuioee]
1948 3019 2013 3070 Id
2036 3023 2136 3081 est,
2163 3019 2223 3068 de
2241 3016 2305 3066 iit
2319 3027 2416 3066 m
2437 3028 2536 3064 mo·

390 3103 409 3147 1
442 3103 867 3170 Reprehendenda]
936 3105 1062 3154 Illos
1101 3103 1273 3168 carpit
1306 3103 1396 3167 qui
1475 3100 1628 3152 naim
1661 3100 1897 3149 Cesaram
1927 3110 2030 3161 que
2068 3093 2245 3160 optim«
2263 3105 2360 3144 me
2381 3091 2538 3144 crede·

330 3195 479 3232 suum
519 3182 743 3233 studium
782 3187 839 3232 et
878 3182 1189 3247 scripturam
1221 3193 1397 3246 repre·
1477 3176 1574 3226 bot.
