2930 4758
315 264 322 271 ⁴
418 248 552 317 272

1123 264 1187 311 G.
1231 262 1472 311 omem
1520 262 1919 311 SALLUSTII

509 412 826 477 Fanniuse
853 428 1032 475 vere.
1127 404 1508 471 Victorinus.
1838 492 1845 497 Ι
2434 486 2441 492 ·

504 510 656 579 Nos
683 513 753 576 in
781 516 963 576 tanta
991 505 1550 575 doctissimorumf
1571 510 1903 573 hominum
1936 508 2157 591 copia.
2251 504 2523 572 Servius.

467 598 488 659 ⁸-
508 614 748 699 Neque
786 632 892 675 me
922 610 1180 675 diversa
1209 631 1369 694 pars
1418 612 1491 675 in
1536 611 1845 675 civilibus
1876 612 2074 681 armis
2108 612 2319 675 movit
2359 630 2403 676 a
2445 630 2629 675 vero.

423 716 722 782 Aru-sian.
1482 763 1490 769 .

504 816 728 881 Nobis
757 802 1020 902 p'rimaess
1049 814 1495 902 dissensiones
1524 812 1691 877 vitio
1717 811 1990 877 humani
2028 812 2275 895 ingenii
2315 830 2628 877 evenere:

419 918 600 1003 quod
627 918 886 1001 inquies
917 920 1114 999 atque
1141 908 1594 991 indomitum,¹¹
1636 933 1897 997 semper
1944 914 2012 976 in
2053 912 2405 977 certamine
2432 914 2633 977 liber-

418 1022 597 1099 tatis,
628 1026 746 1084 aut
776 1019 1030 1101 gloriae,
1063 1008 1178 1081 aiit
1206 1016 1681 1079 dominationis
1710 1014 1869 1097 agit.
1962 1011 2351 1077 Priscianus.

507 1122 688 1187 Nam
735 1140 778 1183 a
820 1117 1180 1201 primordio
1210 1116 1396 1181 urbis
1439 1116 1529 1181 ad
1566 1116 1809 1181 bellum
1842 1111 2063 1179 Persik
2096 1112 2630 1183 Macedonicum.

423 1220 624 1287 Idem.

509 1324 674 1389 Res
681 1324 993 1387 Romana
1021 1290 1375 1405 plurimum
1423 1322 1709 1405 imperio
1754 1322 1982 1399 valuit,
2038 1320 2180 1385 Ser.
2230 1320 2521 1405 Sulpitio
2567 1326 2637 1387 et

423 1424 524 1492 M.
557 1424 876 1489 Marcello
909 1422 1100 1489 Coss.
1133 1425 1314 1487 omni
1343 1420 1589 1489 Gallia¹
1638 1424 1737 1487 cis
1790 1422 2167 1501 Rhenum,¹¹²
2216 1428 2414 1510 atque
2464 1424 2637 1487 inter

420 1548 602 1593 mare
630 1534 992 1605 nostrum,¹⁸¹
1026 1532 1224 1611 atque
1255 1526 1622 1604 Oceanum,
1654 1527 1783 1590 nisi
1812 1547 1965 1609 quae
1994 1546 2036 1590 a
2062 1526 2419 1609 paludibus
2446 1526 2637 1590 invia

418 1631 569 1710 fuit,
599 1630 992 1715 perdomita.
1082 1628 1402 1713 Optimis⁰
1432 1635 1654 1694 autem
1680 1628 1981 1719 moribus
2032 1634 2100 1693 et
2142 1629 2441 1698 maxima
2468 1647 2635 1691 cou-

422 1732 653 1797 cordia
678 1732 812 1815 egit
841 1732 1134 1815 populus
1168 1731 1372 1797 Rom.
1403 1732 1570 1797 inter
1600 1730 1967 1795 secundum
1999 1736 2199 1814 atque
2228 1736 2637 1813 postremum

419 1833 665 1900 bellum
697 1832 1256 1916 Carthaginiense.
1355 1831 1418 1895 V
1412 1833 1657 1897 ictorin.
1688 1842 1747 1895 et
1772 1832 2109 1917 Angustia.

503 1933 600 1999 At
627 1936 986 2014 discordia,
1017 1942 1083 2001 et
1113 1937 1424 2021 avaritia,
1457 1942 1655 2019 atque
1684 1936 1982 2019 ambitio,
2014 1940 2083 1998 et
2126 1938 2347 1997 cetera
2390 1950 2635 1996 secun-

426 2038 530 2101 dis
585 2039 786 2101 rebus
855 2041 1008 2103 oriri
1061 2044 1277 2103 suetap
1333 2038 1538 2115 mala,
1586 2030 1751 2121 ⁴post
1810 2035 2224 2119 Carthaginis
2295 2034 2642 2100 excidium

419 2138 713 2203 maxime
743 2144 939 2203 aucta
969 2144 1141 2204 sunt.
1254 2140 1438 2205 Nam
1486 2140 1749 2223 injuriae
1795 2140 2216 2225 validiorum,
2265 2143 2333 2202 et
2370 2138 2458 2202 ob
2512 2156 2633 2202 eas

421 2238 746 2305 discessio
801 2242 1020 2325 plebis
1095 2263 1138 2306 a
1207 2244 1533 2327 patribus,
1595 2244 1881 2325 aliaeque
1939 2240 2385 2305 dissensiones
2444 2238 2635 2301 domi

406 2340 601 2408 fuere
617 2362 625 2367 ·
636 2343 780 2428 jam
817 2342 966 2409 inde
1017 2364 1060 2408 a
1104 2345 1480 2429 principio:
1542 2364 1755 2430 neque
1784 2343 2093 2428 ampliuS,
2123 2361 2329 2425 quam
2368 2341 2637 2432 regibus

1413 2525 1635 2575 NOTAE

1628 2653 1653 2688 ¹¹
1686 2653 1997 2717 Indomitum]
2065 2651 2130 2702 Id
2154 2657 2251 2714 est,
2287 2651 2411 2714 quod
2448 2650 2636 2742 domari

479 2659 506 2686 Ε
540 2653 774 2716 Fannius]
835 2655 954 2704 Duo
1000 2654 1228 2716 fuerunt,
1267 2641 1486 2721 quorum

421 2729 606 2778 Cicero
626 2731 862 2780 meminit
883 2732 936 2778 in
956 2733 1143 2782 Bruto.

486 2804 508 2835 f
534 2805 948 2868 Doceissinwrum]
1014 2809 1100 2856 De
1133 2809 1314 2868 Caelio,
1338 2807 1487 2857 Ruti·

420 2881 512 2942 lio,
553 2879 786 2940 Pictore,
841 2882 1204 2945 Quadrigario,
1247 2883 1487 2945 Antiate,

417 2955 656 3016 Sisenna,
711 2955 962 3018 Venonio,
1032 2957 1310 3020 praecipuis
1363 2964 1487 3006 ante

421 3032 720 3082 Sallustium
765 3031 1065 3094 Historicis,
1119 3032 1343 3096 intelligi
1399 3047 1485 3081 vo-

419 3107 564 3158 lunt:
617 3106 803 3170 quibus
837 3107 971 3156 adde
997 3107 1248 3156 Catonem
1283 3107 1488 3158 histori-

421 3199 540 3234 cum
561 3183 826 3244 eximium,
845 3198 910 3232 ex
937 3197 1038 3247 quo
1061 3184 1223 3232 multa
1244 3185 1485 3232 sumsisse

420 3258 704 3308 Auctorem
740 3269 989 3322 nostrum,
1021 3259 1070 3308 ei
1105 3259 1263 3308 etiam
1297 3275 1486 3323 expro

419 3333 625 3388 brutum
647 3341 745 3382 est.

483 3416 509 3450 8
536 3407 744 3470 Preme]
808 3411 890 3459 De
911 3411 1254 3462 seditionibus
1278 3413 1485 3462 videtur

419 3498 604 3546 agere,
611 3498 724 3547 quae
747 3485 814 3534 ob
837 3485 1204 3536 foeneratorum
1228 3488 1484 3550 impoten-

419 3561 548 3608 tiam
605 3555 884 3622 praeeipue‘,
931 3569 1092 3626 atque
1138 3564 1482 3624 potentiorum

417 3631 732 3698 superbiam,
764 3641 895 3682 ortae
935 3643 1076 3684 sunt.
1143 3638 1386 3686 Ceterum
1409 3638 1484 3686 lo-

419 3716 567 3766 cutus
589 3707 749 3758 fuerit
772 3709 837 3757 de
865 3711 1044 3772 primis
1067 3713 1275 3760 omuino
1300 3713 1483 3762 Roma·

417 3802 601 3836 norum
645 3786 998 3848 divisionibus,
1033 3802 1096 3836 an
1142 3803 1264 3848 non,
1296 3797 1484 3840 -ncstta

417 3880 599 3932 parum
626 3865 881 3914 interest:
932 3864 1058 3914 illud
1093 3873 1174 3914 est
1207 3866 1483 3916 niaximum

421 3943 558 4007 quod
581 3941 729 3992 nobis
749 3957 930 4009 ,verum
959 3941 1336 3992 discordiarum
1369 3957 1485 3992 nos·

420 4025 618 4068 trax-um
660 4018 857 4070 fontem
891 4019 1155 4080 ostendit3
1205 4034 1358 4083 quem
1397 4020 1487 4080 ou·

423 4103 590 4156 struet
612 4099 700 4164 qui
721 4099 942 4152 voletet
965 4097 1176 4162 poterit·

1562 2748 1654 2782 non
1672 2737 1841 2796 potest.

1628 2806 1651 2840 Β
1702 2806 1863 2868 Persi]
1930 2804 1979 2854 A
2016 2785 2329 2853 nominativo
2366 2803 2632 2852 Perseus.

1568 2883 1693 2930 alias
1750 2884 1941 2932 Perses
1997 2881 2207 2938 dicitur,
2262 2893 2416 2943 quem
2470 2892 2637 2940 regno

1567 2957 1893 3006 Macedoniae
1915 2955 2135 3006 Romani
2158 2955 2527 3018 spoliaverunt.

1629 3031 1643 3066 ¹
1679 3033 1863 3096 Gallia]
1930 3033 2070 3080 Hinc
2100 3037 2271 3094 patet,
2304 3031 2443 3094 quod
2466 3037 2523 3080 et
2542 3031 2637 3080 alii

1564 3110 1771 3160 abunde
1808 3113 1815 3120 ’
1859 3109 2228 3174 probaverunt,
2296 3097 2637 3161 Germaniam

1564 3185 1831 3235 veteribus
1868 3184 1965 3235 sub
2004 3184 2177 3234 Gallia
2212 3185 2637 3247 comprehensum

1562 3261 1743 3311 fuisse.

1629 3345 1666 3370 ¹¹¹
1698 3335 1937 3398 Rhenum]
1997 3337 2207 3386 Rhenus
2230 3334 2524 3418 notissimus
2544 3336 2639 3390 ho-⁸

1565 3415 1649 3464 die
1674 3415 1965 3464 Germania!
1986 3413 2191 3462 fluvius.

1628 3497 1653 3524 ¹²
1685 3489 1939 3551 Nostrum]
1972 3472 2436 3540 Mediterraneum.

1626 3573 1651 3598 ⁰
1686 3564 1918 3628 optimis]
1952 3564 2071 3614 Hoc
2086 3563 2214 3612 illud
2236 3571 2319 3614 est
2340 3565 2479 3629 Quod
2498 3564 2639 3616 dixit

1562 3642 1615 3690 in
1634 3641 1913 3704 augur-tha,
1928 3641 2172 3689 Senatum
2192 3647 2247 3690 et
2264 3641 2329 3690 P.
2344 3641 2640 3707 Romanum

1564 3715 1769 3780 placide
1807 3714 1943 3764 inter
1986 3731 2059 3776 se,
2100 3715 2439 3782 modesteque
2476 3717 2635 3766 Rem-

1564 3792 1823 3856 publicam
1848 3799 2117 3842 tractasse.
2628 3834 2637 3844 .

1628 3877 1655 3912 Ρ
1687 3869 1859 3934 Sueto]
1922 3868 2009 3918 Ab
2032 3869 2095 3917 iis
2115 3868 2295 3932 itaque,
2316 3868 2415 3918 sibi
2444 3885 2637 3920 caven-

1564 3945 1686 3995 dum
1708 3959 1821 3994 esse
1842 3944 2135 4010 intelligant
2155 3945 2245 4011 qui
2260 3943 2471 3996 favente
2483 3952 2641 4001 utun-2

1565 4019 1895 4084 turim-tuna.
