2930 4758
937 320 1431 386 nnecunnwA,
1480 323 1628 373 mn.
1677 325 1777 377 v1.
2353 312 2490 379 m

362 462 711 546 Saguntini
759 462 893 529 fide
942 469 1143 548 atque
1182 465 1494 531 aerumnis
1542 466 1772 551 inclyti
1799 484 1921 549 per
1945 467 2318 533 mortalium
2347 474 2488 537 stu-

254 564 459 631 dium
478 566 765 650 majores
790 586 997 651 quam
1026 566 1293 649 opibus,
1324 567 1578 651 quippe
1596 568 1746 650 quis
1773 570 1972 633 etiam
2003 576 2141 633 tum
2169 570 2486 637 semiruta
2589 570 2608 583 ⁸

254 660 547 748 moenia,
606 670 841 735 domus
902 671 1198 746 intectae,
1260 670 1682 753 parietesque
1747 672 2139 754 templorum
2191 673 2486 741 ambusti

253 790 511 836 manus
541 771 835 836 Punicas
872 772 1314 837 ostentabant.
1390 769 1656 834 Hieron.
1690 772 1755 834 iu
1789 770 2124 837 Habacuc.
2148 794 2208 839 c.
2237 776 2304 841 2.

356 870 564 957 Apud
618 873 1073 939 Corduennos’
1118 882 1478 939 amomum⁸
1503 880 1570 939 et
1597 875 1712 941 alii
1739 876 1919 941 leves
1945 876 2184 943 odores
2209 878 2487 961 gignun-

256 978 392 1039 tur.
486 973 783 1063 Philarg.
814 977 883 1041 in
911 995 1009 1042 lv.
1046 974 1283 1061 Georg.
1322 974 1386 1040 V
1380 976 1503 1063 irg.

360 1075 577 1156 Quem
609 1085 786 1144 trans
815 1088 1123 1163 stag-num
1152 1081 1365 1145 omnis
1392 1100 1614 1165 usque
1641 1080 1728 1145 ad
1755 1082 2024 1147 flumen.
2116 1077 2314 1147 Idem.

355 1178 663 1265 Repente
693 1182 997 1249 incautos
1024 1203 1221 1267 agros
1259 1184 1528 1249 invasit.
1623 1181 1821 1247 Idem.

359 1281 535 1348 Belli
567 1288 716 1351 sani
745 1287 986 1357 sciens,
1084 1284 1323 1351 Aaron.
2172 1358 2182 1363 ,

354 1384 427 1451 N
428 1404 669 1470 amque
742 1389 1032 1455 omnium
1101 1389 1499 1455 ferocissimi
1555 1388 1646 1455 ad
1701 1389 1830 1455 hoc
1887 1393 2153 1472 tempus
2211 1385 2486 1457 Achaei*

264 1491 471 1572 atque
522 1487 757 1554 'I'aurib
800 1495 976 1569 sunt,
1005 1490 1211 1573 quod,
1238 1496 1560 1574 quantum
1607 1490 1914 1575 conjicis),
1951 1490 2258 1560 locorum
2297 1508 2488 1576 eges-

261 1592 399 1653 tate
429 1598 623 1673 rapto
650 1592 875 1657 vivere
902 1593 1147 1659 coacti.
1242 1588 1480 1657 Glesaeae
1509 1588 1742 1661 Juven.

352 1688 583 1775 Atque
620 1692 771 1777 ipse
799 1694 1019 1761 cultus
1046 1696 1163 1761 rei.
1245 1693 1484 1759 Acron.

352 1791 665 1876 'Triplici‘
691 1794 917 1859 fluctu.
1012 1795 1191 1858 Serv.
1226 1793 1579 1860 Fuldanus.

354 1892 692 1980 Charybdi
738 1916 921 1963 mare
974 1899 1401 1965 vorticosum.
1494 1896 1694 1967 Idem.

348 1996 486 2063 Sed
504 1998 617 2063 ubi
643 2004 939 2085 tempore
960 2004 1116 2067 anni
1134 2022 1315 2069 mare
1334 2002 1670 2069 classibus
1689 2001 2097 2087 patefactum
2105 1990 2228 2069 est‘.
2279 1997 2475 2067 Idem.

272 2098 535 2261 IdSane
566 2100 777 2167 bonus
806 2122 889 2169 ea
915 2109 1315 2187 tempestate
1340 2109 1575 2173 contra
1607 2104 1909 2189 pericula
1936 2108 2006 2169 et
2031 2102 2482 2171 ambitionem.

354 2221 467 2263 em.

354 2301 567 2368 Simul
596 2306 903 2371 immanis
948 2306 1284 2373 hominum
1316 2306 1423 2373 vis
1469 2326 1560 2377 ex
1591 2305 1764 2375 locis
1807 2306 2112 2375 invasere
2156 2309 2480 2389 patentes,

267 2422 417 2469 cum
446 2411 513 2472 et
537 2411 731 2490 pacis
750 2409 951 2478 modo
977 2409 1249 2478 effusas.
1342 2408 1539 2474 Idem.

352 2507 589 2574 Genua
630 2517 889 2594 patrum
918 2512 1375 2582 advolvuntur.
1469 2509 1668 2577 Idem.

354 2613 720 2681 Perrexere
744 2617 812 2680 in
834 2615 1238 2700 Hispaniam
1259 2623 1329 2682 et
1346 2612 1741 2684 Sardiniam.
1834 2611 2036 2680 Idem.

353 2716 528 2795 Quae
570 2719 868 2803 mapalia
892 2724 1050 2784 sunt
1078 2719 1504 2804 circumjecta
1532 2715 1814 2795 civitati,
1863 2715 2244 2784 suburbana
2271 2709 2480 2784 88ᾱίίὶ-

270 2820 395 2884 cia.
450 2824 459 2832 ’
484 2817 681 2883 Idem.

353 2921 441 2988 Et
474 2941 669 2987 onere
696 2922 969 2988 turrium
998 2922 1269 2987 incertis
1295 2922 1603 2988 navibus.
1693 2917 1892 2986 Idem.

350 3024 659 3092 Traditur
685 3026 997 3108 sugamia
1026 3025 1387 3109 longinqua
1416 3023 1670 3092 Oceani
1700 3024 2072 3108 agitavisse.
2162 3018 2360 3088 Idem.

349 3125 463 3191 Ad
478 3126 862 3192 mutandum
878 3127 1079 3192 modo
1100 3128 1169 3190 in
1191 3127 1426 3191 melius
1456 3127 1820 3192 servitium.
1917 3122 2092 3188 Serv.
2123 3120 2209 3184 ad
2242 3119 2392 3186 AEn.
2421 3138 2476 3188 1.

352 3220 601 3312 Magna
628 3230 734 3293 vis
782 3228 1120 3294 hominum
1167 3233 1564 3295 convenerat
1589 3227 1770 3310 agris
1804 3225 2008 3310 pulsa
2035 3230 2152 3290 aut
2195 3224 2472 3290 civitate

274 3330 501 3418 ejecta.
600 3325 773 3394 Idem
802 3325 959 3394 ibid.

351 3430 520 3497 Cum
538 3448 802 3496 murum
827 3432 1121 3496 hostium
1150 3432 1618 3511 successisset,
1667 3447 1908 3516 poenas
1937 3427 2228 3497 dederat.
2299 3423 2472 3492 Idem

272 3531 351 3600 ad
378 3531 521 3600 Bel.
554 3553 621 3600 v.

1256 3685 1470 3738 NOTAE

329 3821 351 3858 5
388 3813 713 3880 Corduenam]
746 3813 1065 3878 Corduenni,
1083 3830 1209 3880 gens
1224 3817 1325 3867 cir·
1405 3817 1679 3879 Euxinum,
1700 3816 1751 3868 in
1777 3815 2029 3868 sannatia
2048 3811 2316 3872 Asiatica;
2351 3823 2470 3860 nam

272 3905 328 3943 ca
341 3906 481 3942 mare
500 3891 821 3956 Hyrcanum.
1406 3891 1473 3944 de
1495 3893 1572 3944 his
1611 3893 1708 3944 hoc.
1731 3894 1783 3944 in
1807 3894 1922 3944 loco
1945 3891 2136 3956 agitur,
2159 3903 2263 3939 non
2279 3885 2345 3936 de
2365 3883 2471 3970 iili·

327 3976 348 4001 ⁸
377 3967 646 4034 amomum]
682 3965 839 4020 Aliud
860 3966 949 4017 alii
977 3981 1093 4018 esse
1115 3967 1325 4020 commi·
1404 3970 1494 4034 qui
1517 3969 1836 4020 Thessaliam
1863 3966 2208 4017 incoluerunt.

274 4041 568 4096 niscantur:
600 4045 927 4111 multumque
964 4043 1033 4095 de
1072 4057 1135 4094 eo
1156 4044 1329 4096 rixan-
1473 4042 1496 4080 Ι·
1534 4044 1707 4109 Tauri]
1738 4045 1970 4094 Fuerunt
2004 4039 2090 4092 inti
2125 4039 2182 4090 in
2215 4033 2474 4090 Sarmatia

274 4125 352 4172 tur
368 4121 580 4173 Medici.
1406 4123 1682 4187 Europaea.

328 4201 353 4232 ⁸
379 4196 569 4263 Aelim]
596 4195 731 4250 Sunt
747 4197 927 4267 populi
942 4199 1085 4251 circa
1095 4199 1324 4254 Pontum
1467 4207 1492 4235 ⁶
1527 4195 1752 4263 fflplict']
1783 4193 1850 4246 Id
1868 4198 1966 4259 δεῖ,
1986 4205 2174 4258 ΜΝ·
