2930 4758
464 286 551 371 20‘
1442 315 1449 322 ·
1480 314 1653 360 vri-A

467 465 689 549 gessit.
779 462 858 526 In
901 462 1052 545 ipso
1095 457 1558 531 adolescentiae
1604 457 1855 536 ardore,
1884 456 2141 523 videtur
2182 474 2263 521 ea
2290 454 2668 530 admisisse,

466 587 618 650 quae
652 570 966 629 aeternam
991 562 1242 626 nomini
1271 562 1416 646 ejus
1443 560 1787 625 infamiam
1817 561 2211 623 inusserunt.
2286 556 2389 622 M.
2428 558 2669 623 Varro¹

467 670 764 750 Scriptor
809 663 1265 745 gravissimUS,
1295 662 1364 726 in
1404 662 1573 726 libro
1618 680 1814 743 quem
1843 660 2289 744 ‘inscripserat
2332 659 2525 737 Pius,
2558 664 2675 737 aut

467 771 548 833 de
605 766 812 842 Pace,
873 762 954 828 C.
1011 763 1400 829 Sallustium
1470 764 1541 827 in
1610 762 1925 825 adulterio
1994 760 2473 845 deprehensum
2520 780 2675 825 cum

469 870 744 943 Fausta,
773 865 979 949 Syllae
1009 863 1171 942 filia,
1199 884 1242 927 a
1275 862 1533 927 Milone
1561 862 1708 945 ejus
1734 864 1877 927 viro
1906 863 2062 927 loris
2092 864 2259 927 bene
2278 880 2557 939 caesum,
2580 866 2673 940 et,

467 988 622 1034 cum
648 966 998 1051 pecuniam
1025 967 1337 1043 dedisset,
1367 966 1711 1030 dimissum
1740 965 1947 1029 fuisse
1966 963 2293 1047 prodidit.

548 1069 856 1134 Attamen
881 1064 971 1133 A.
1003 1067 1094 1132 U.
1125 1066 1202 1132 C.
1243 1070 1496 1131 occu?
1522 1066 1960 1131 Tribunatum
1984 1065 2213 1129 Plebis
2234 1064 2519 1149 adeptus
2548 1070 2673 1143 est,

467 1180 762 1255 tempore
787 1191 918 1254 qno
948 1190 1158 1253 usque
1198 1169 1368 1234 adeo
1405 1170 1673 1234 turbata
1712 1173 1848 1231 erat
1880 1166 2318 1251 Respublica,
2346 1172 2421 1231 ut
2446 1186 2529 1231 eo
2556 1166 2675 1231 de·-

469 1281 738 1340 ventum
765 1274 877 1350 sit,
909 1276 978 1335 ut
1008 1270 1132 1335 Cn.
1168 1270 1527 1353 Pompeius
1574 1263 1863 1349 Magnus
1902 1267 2180 1345 Consul,
2228 1268 2366 1331 sine
2394 1267 2673 1351 collega,

471 1380 816 1443 crearetur.
906 1372 1077 1437 Cum
1117 1378 1333 1435 autem
1369 1371 1573 1453 paulo
1603 1374 1759 1433 ante
1788 1368 1873 1432 T.
1903 1368 2170 1432 Annius
2201 1367 2373 1432 Milo
2404 1368 2487 1433 P.
2520 1368 2677 1433 Clo-

467 1477 652 1541 dium
709 1473 1085 1551 occidisset,
1147 1472 1637 1554 Pompeiusque
1693 1471 1906 1551 legem
1956 1469 2039 1534 de
2089 1469 2160 1533 vi
2208 1469 2489 1549 tulisset,
2538 1487 2676 1555 qua

465 1561 923 1642 instituebatur
975 1575 1262 1658 quaestio
1311 1574 1392 1636 de
1435 1593 1519 1637 ea
1566 1571 1797 1651 caede3
1840 1570 2203 1635 ulciscendi
2244 1573 2679 1637 occasionem

467 1689 702 1743 nactus
749 1677 1121 1753 SallustiuS,
1155 1676 1285 1739 sibi
1329 1694 1460 1739 non
1506 1675 1732 1740 defuit.
1822 1672 1992 1737 Cum
2038 1672 2304 1736 duobus
2345 1672 2499 1737 aliis
2526 1673 2679 1737 Tri·
2729 1683 2738 1689 '

471 1780 665 1843 bunis
715 1776 945 1842 Plebis
989 1776 1489 1839 inimicissimas
1540 1774 1918 1851 concioneS,
1950 1779 2024 1837 ut
2063 1774 2295 1837 scribit
2335 1772 2677 1841 Asconius

470 1879 805 1944 Pedianus
835 1877 902 1939 in
933 1876 1278 1941 Ciceronis
1307 1876 1772 1954 Milonianam,
1814 1876 1896 1939 de
1933 1873 2187 1940 Milone
2225 1875 2480 1953 habuit,
2508 1876 2677 1939 invi-

471 1981 693 2044 diosas
735 1978 936 2043 etiam
983 1976 1068 2040 de
1118 1975 1462 2054 Cicerone,
1518 1976 1696 2059 quod
1756 1976 2074 2041 Milonem
2132 1994 2391 2041 summo
2450 1976 2677 2041 studio

468 2080 880 2158 defenderet3
923 2083 1191 2161 eratque
1231 2080 1528 2142 maxima
1560 2096 1728 2160 =pars
1764 2078 2199 2143 multitudinis
2242 2079 2503 2142 infensa
2542 2096 2678 2144 non

471 2181 682 2245 solum
717 2178 980 2256 Miloni,
1012 2178 1130 2241 sed
1164 2179 1296 2261 ipsi
1339 2180 1563 2256 etiam,
1590 2182 1863 2262 propter
1892 2180 2181 2245 invisum
2208 2180 2676 2263 patrocinium,

470 2280 794 2345 Ciceroni.
884 2278 1130 2343 Postea
1167 2284 1388 2343 tamen
1434 2298 1586 2343 cum
1623 2279 1707 2343 de
1750 2280 2112 2345 accusandi
2141 2280 2365 2345 studio
2394 2282 2674 2350 multum

447 2383 830 2448 remisisset
867 2379 1246 2460 Sallustius,
1291 2382 1364 2445 in
1407 2384 1785 2465 suspicione
1822 2385 1949 2450 fuit
1989 2385 2057 2448 in
2098 2385 2371 2466 gratiam
2398 2384 2676 2448 rediisse

472 2503 624 2548 cum
655 2483 912 2548 Milone
941 2488 1010 2548 et
1039 2481 1378 2548 Cicerone.

557 2583 987 2662 Crediderim,
1015 2584 1201 2648 hisce
1230 2586 1663 2668 temporibuS‚
1694 2586 2013 2670 scriptam
2041 2587 2251 2650 fuisse
2300 2585 2678 2650 Historiam

475 2684 882 2748 Catilinariae
935 2682 1473 2765 ‚Conjurationis3
1521 2705 1671 2750 cum
1718 2686 2099 2765 Sallustius,
2146 2695 2389 2752 exacto
2434 2687 2678 2752 Tribu-

471 2790 668 2848 natus
698 2790 1012 2866 tempore,
1042 2783 1350 2865 privatus
1379 2793 1619 2868 ageret,
1648 2806 1771 2852 nec
1799 2787 2105 2854 Ciceroni
2134 2797 2317 2854 esset
2338 2789 2677 2870 infensus}

469 2905 608 2948 rem
649 2885 822 2948 enim
863 2885 959 2948 ita
999 2889 1240 2962 narrat,
1267 2892 1342 2950 ut
1383 2905 1464 2949 ea
1509 2887 1688 2950 lecta
1739 2888 2067 2966 Historia,
2100 2908 2293 2953 nemo
2338 2908 2470 2954 non
2520 2895 2679 2954 acta

471 2984 812 3050 Ciceronis
843 2985 932 3049 sit
956 2987 1372 3069 probaturus
1463 2987 1663 3052 Forte
1688 2996 1755 3054 et
1794 2989 2051 3054 Bellum
2089 2990 2135 3054 J
2136 2990 2574 3072 ugmthinum,
2604 2996 2681 3057 et

473 3085 744 3163 Civilia,
777 3105 930 3169 quae
958 3086 1030 3149 id
1058 3087 1352 3151 insecuta
1376 3093 1550 3164 sunt,
1583 3089 1849 3172 aliaque
1890 3109 2040 3154 cum
2081 3092 2169 3172 iis
2206 3107 2532 3170 connexa,
2560 3111 2677 3156 eo-

471 3187 618 3250 dem
647 3186 764 3251 illo
795 3190 1085 3270 tempore
1115 3189 1532 3272 conscripsit,
1563 3194 1679 3253 aut
1706 3190 2043 3272 aliquanto
2071 3193 2424 3274 posterius.
2482 3192 2679 3258 Certe

469 3306 602 3351 non
629 3293 788 3352 sunt
812 3307 895 3351 ea
923 3289 1168 3371 scripta
1207 3288 1495 3354 hominis
1526 3291 2009 3373 adolescentis3
2058 3299 2469 3378 testaturque
2496 3295 2671 3378 ipse,

470 3388 662 3453 initio
707 3390 1180 3473 conjurationis
1223 3389 1652 3472 Catilinariae,
1684 3415 1757 3458 se
1798 3401 1936 3459 tum
1980 3396 2245 3459 demum
2295 3396 2675 3462 Historiam

472 3507 853 3572 aggressum
897 3491 1204 3568 scribere,
1253 3495 1273 3524 ‘
1303 3492 1420 3554 ubi
1463 3494 1722 3558 animus
1760 3515 1848 3558 ex
1891 3497 2116 3560 multis
2157 3496 2442 3560 miseriis
2472 3501 2675 3580 atque

471 3591 785 3673 periculis
833 3591 1184 3674 requievit,
1237 3598 1304 3656 et
1351 3594 1479 3658 sibi
1527 3595 1843 3678 reliquam
1886 3603 2155 3662 aetatem
2205 3616 2250 3661 a
2292 3597 2674 3681 Republica

468 3693 704 3774 procul
753 3692 1122 3757 habendam
1177 3692 1467 3759 decrevit
1482 3695 1547 3776 3⁹³
1596 3692 1772 3780 quod
1834 3699 1949 3763 vix
2008 3706 2157 3764 ante
2208 3700 2671 3777 Tribunatum,

471 3811 664 3874 quem
687 3812 854 3856 anno
885 3795 1104 3858 aetatis
1135 3810 1188 3856 x
1201 3811 1298 3860 ω.
1327 3799 1553 3878 gessit,
1576 3799 1723 3863 fieri
1752 3803 1991 3884 potuit.
2050 3799 2225 3866 Tum
2252 3817 2409 3880 vero
2439 3801 2675 3866 statuit

470 4052 504 4106 s
537 3980 565 4027 1
604 3975 756 4041 Apud
779 3977 903 4029 Aul.
926 3979 1156 4029 Gellium
1175 3992 1317 4031 xvn.
1341 3984 1420 4031 18.
1486 3983 1623 4056 Vide
1661 3989 1718 4034 et
1752 3991 1985 4035 veterem
2017 3985 2340 4036 Scholiasten
2372 3985 2583 4038 Horatii
2604 3985 2672 4036 ad

508 4063 579 4106 at.
604 4071 675 4109 n.
698 4065 744 4110 1.

991 4143 1024 4190 2
1056 4135 1122 4191 A.
1146 4139 1205 4190 C.
1228 4140 1300 4190 N.
1323 4152 1422 4192 ux.
1882 4147 1915 4196 8
1949 4145 2080 4206 Cap.
2104 4147 2153 4196 3.
