2930 4758
432 248 576 319 208
1150 264 1216 314 e.
1260 260 1506 313 enisu
1551 261 1951 314 sAnnus'rn

443 412 572 477 hoe
644 408 891 474 bellum
946 408 1197 493 maiore
1268 408 1514 486 studio,
1592 428 1792 493 quam
1865 408 2172 485 consilio,
2255 407 2686 491 profectum:

448 513 699 598 quippe
748 512 863 593 qui
910 513 1170 575 nomine
1220 510 1420 574 modo
1462 510 1722 592 imperii
1771 529 1812 572 a
1862 511 2053 572 vobis
2083 515 2410 592 accepto,
2445 510 2687 574 diebus

450 615 882 699 quadraginta
909 616 1269 677 exercitum
1300 613 1573 697 paravi3
1603 613 1960 694 hostesque
1989 613 2059 673 in
2089 612 2518 675 cervicibus¹¹
2537 612 2690 695 jam

451 715 665 779 Italiae
718 720 983 795 agentes
1030 717 1116 779 ab
1166 714 1454 797 Alpibus
1513 715 1579 778 in
1630 714 2033 797 Hispaniam
2085 714 2457 777 summovi.
2553 713 2688 777 Per

452 835 568 879 eas
594 816 717 880 iter
747 816 954 892 aliud,
984 824 1177 897 atque
1233 815 1599 892 Hannibal,
1627 815 1822 877 nobis
1863 816 2315 897 opportunius
2360 813 2684 897 patefeci.

454 914 715 999 Recepi
762 914 1078 992 Galliam,
1109 916 1560 1000 Pyrenaeum,⁰
1609 915 2076 994 Laletaniam,¹’
2129 916 2484 998 Indigetes
2507 924 2556 981 :²¹
2623 920 2685 979 et

452 1019 737 1101 primum
768 1021 1083 1101 impetum
1114 1018 1388 1081 Sertorii
1418 1018 1723 1095 victoriS,
1753 1020 1945 1081 novis
1975 1019 2326 1095 militibus,
2369 1022 2442 1080 et
2469 1018 2684 1081 multo

456 1120 914 1202 paucioribuS,
958 1120 1277 1183 sustinui:
1340 1121 1769 1203 hyememque
1799 1109 1870 1180 in
1901 1120 2138 1181 castris
2169 1120 2342 1181 inter
2369 1118 2682 1182 saevissi·

454 1240 605 1284 mos
631 1221 878 1296 hosteS‚
907 1241 1036 1284 non
1068 1242 1185 1303 per
1216 1221 1491 1303 oppida,
1519 1240 1730 1303 neque
1776 1240 1863 1282 ex
1911 1221 2299 1283 ambitione
2344 1240 2533 1297 mea,
2557 1220 2682 1301 egi

458 1320 644 1399 Quid
673 1322 825 1385 dein
854 1323 1111 1405 praelia,
1136 1328 1247 1385 aut
1276 1321 1739 1404 expeditiones
1762 1322 2108 1403 hybernas,
2133 1321 2395 1403 oppida
2417 1322 2681 1397 excisa,

457 1429 573 1489 aut
600 1431 873 1507 recepta
902 1444 1271 1488 enumerem
1292 1425 1321 1485 ‘t
1368 1424 1635 1505 quando
1658 1442 1765 1485 res
1796 1424 1950 1504 plus
1973 1422 2178 1499 valet,
2205 1442 2420 1504 quam
2451 1424 2680 1487 verba.

458 1523 697 1591 Castra
739 1527 1025 1591 hostium
1081 1526 1263 1609 apud
1312 1524 1700 1587 Sucronem⁸
1747 1528 1972 1606 capta,
2019 1529 2086 1586 et
2129 1525 2456 1606 praelium
2507 1522 2682 1606 apud

458 1628 700 1693 fiumen
751 1627 1078 1717 Durium,t
1119 1636 1183 1691 et
1230 1626 1369 1690 dux
1415 1628 1705 1690 hostium
1755 1624 1835 1690 C.
1886 1626 2260 1688 Herennius
2310 1646 2478 1688 cum
2526 1627 2690 1689 urbe

459 1730 771 1795 Valentia
798 1738 861 1794 et
890 1732 1187 1795 exercitu
1218 1730 1437 1807 deleti,
1473 1730 1639 1793 satis
1670 1730 1853 1792 clara
1878 1728 2070 1793 vobis
2101 1736 2293 1791 sunt:
2344 1748 2475 1810 pro
2508 1728 2678 1811 q'uiS‚

462 1854 503 1898 o
531 1836 697 1913 grati
724 1841 971 1917 patres,
1001 1837 1357 1914 egestatem
1384 1836 1449 1893 et
1474 1831 1721 1893 famam
1752 1829 2053 1894 redditis·
2145 1830 2391 1913 Itaque
2419 1850 2582 1894 meo
2619 1836 2680 1893 et

458 1934 747 1999 hostium
791 1934 1112 1999 exercitui
1157 1952 1281 2016 par
1325 1932 1621 1997 conditio
1667 1937 1786 1996 est.
1867 1931 2212 2014 ‘Namque
2267 1932 2676 2015 stipendium

459 2036 669 2098 neutri
698 2034 927 2098 datur:
972 2037 1184 2100 victor
1211 2043 1489 2116 uterque
1517 2035 1585 2097 in
1615 2033 1886 2097 ltaliam
1915 2034 2137 2097 venire
2164 2038 2417 2116 potest.
2479 2032 2678 2111 Quod

461 2155 585 2218 ego
614 2155 739 2200 vos
767 2155 1027 2214 moneo,
1058 2156 1418 2221 quaesoque
1467 2140 1543 2200 ut
1590 2134 2167 2221 animadvertatis3
2233 2154 2367 2198 neu
2423 2137 2678 2219 cogatis

356 2309 365 2323 .
460 2239 967 2303 necessitatibus
993 2240 1307 2323 privatim
1337 2239 1497 2302 mihi
1527 2239 1883 2302 consulere.
1973 2237 2386 2321 Hispaniam
2420 2240 2680 2303 citerio-

462 2356 622 2417 rem,
674 2359 824 2423 quae
872 2360 1003 2405 non
1050 2342 1136 2405 ab
1182 2341 1482 2405 hostibus
1529 2345 1802 2418 tenetur,
1850 2358 1970 2403 nos
1996 2344 2138 2404 .aut
2187 2339 2537 2404 Sertorius
2596 2342 2676 2406 ad

462 2441 970 2506 internecionem
998 2444 1409 2506 vastavimus
1433 2464 1452 2523 ;
1498 2448 1742 2526 praeter
1761 2443 2130 2506 maritimas
2159 2443 2506 2520 civitateS,
2529 2463 2675 2527 quae

464 2540 665 2606 ultrou
710 2543 901 2606 nobis
946 2544 1195 2606 sumtui
1223 2544 1558 2625 onerique.
1648 2543 1876 2607 Gallia
1919 2544 2256 2626 superiore
2307 2563 2490 2608 anno
2539 2545 2677 2608 Me-

464 2643 602 2706 telli
628 2645 993 2708 exercitum
1024 2645 1353 2728 stipendio
1380 2644 1841 2728 frumentoque
1872 2647 2076 2708 aluit:
2143 2650 2212 2710 et
2237 2666 2416 2710 nune
2453 2647 2674 2711 malis*

465 2743 795 2808 fructibus
824 2747 973 2828 ipsa
1009 2748 1126 2810 vix
1170 2749 1395 2830 agitat.
1489 2745 1634 2828 Ego
1674 2766 1808 2810 non
1849 2767 1985 2810 rem
2027 2746 2429 2810 familiarem
2457 2749 2676 2827 modo,

462 2863 689 2909 verum
715 2845 914 2909 etiam
940 2847 1177 2910 fidemW
1206 2848 1564 2911 consumsi.
1655 2847 1929 2931 Reliqui
1960 2867 2082 2913 vos
2109 2850 2315 2915 estis:
2380 2853 2508 2934 qui
2549 2851 2676 2915 nisi

1458 3034 1671 3084 No'rAE
1757 3007 1762 3012 ’

530 3149 556 3174 ¹²
588 3141 649 3190 Iu
668 3142 945 3205 cervicibus]
978 3143 1043 3192 Id
1064 3148 1165 3205 est,
1182 3144 1263 3206 qui
1284 3159 1376 3193 mm
1395 3146 1530 3206 longe
1676 3153 1695 3178 ⁸
1726 3145 2005 3210 Sucronem]
2069 3149 2232 3198 Sucro
2266 3148 2542 3212 Hispania
2563 3154 2672 3203 Tar·

467 3219 526 3269 ab
551 3221 698 3270 Italia
718 3225 870 3283 eram,
888 3236 1076 3284 eamque
1094 3220 1346 3283 urgebant.
1611 3223 1906 3272 raconensis
1927 3224 2048 3274 urbs
2070 3231 2152 3274 est
2173 3231 2228 3273 et
2249 3224 2456 3278 fluvius.

530 3304 555 3329 ⁰
603 3297 911 3360 Pyrenaeum]
978 3297 1223 3360 Pyrenaei
1277 3303 1533 3346 vocantur
1676 3300 1693 3331 t
1723 3299 1956 3362 Durium]
2025 3301 2217 3350 Durius
2245 3299 2432 3352 fluvius
2459 3311 2546 3356 est
2565 3308 2674 3358 ms-

468 3379 669 3425 montes
703 3373 793 3437 qui
826 3373 1129 3436 Hispaniam
1154 3389 1185 3422 a
1207 3375 1382 3424 Gallia
1401 3372 1531 3421 divi·
1611 3375 1799 3438 paniae,
1855 3375 1940 3440 qui
1997 3375 2316 3426 Lusitaniam
2359 3381 2608 3432 terminat
2644 3397 2674 3432 a

468 3449 616 3498 dunt.
1521 3467 1528 3471 ·
1614 3449 1858 3499 Meridie.

532 3529 559 3564 Ρ
590 3523 909 3587 Laletaniam]
953 3526 1118 3590 Regio
1140 3532 1222 3577 est
1244 3527 1531 3592 Hispaniae,
1677 3535 1701 3558 ¹¹
1740 3526 1902 3589 Ultro]
1935 3527 2000 3576 Id
2024 3533 2122 3592 est,
2151 3545 2273 3592 «μιαν,
2294 3531 2411 3580 dum
2429 3534 2482 3581 in
2503 3540 2673 3584 nostros

470 3613 585 3666 quae
625 3607 807 3662 postea
830 3601 1163 3666 Gotholania,
1193 3602 1345 3653 hodie
1386 3603 1530 3652 Cata-
1612 3617 1722 3650 usus
1763 3604 2015 3651 amandun
2054 3603 2344 3667 judicamus,
2387 3608 2524 3658 nobis
2569 3617 2668 3661 unt

468 3681 603 3742 1032oe
626 3677 830 3727 dieitur.
1611 3678 1757 3728 oneri.
2321 3737 2332 3743 -

534 3763 561 3797 (Ι
599 3753 864 3817 Indigetes]
914 3753 1019 3802 Alii
1040 3755 1221 3819 legunt
1248 3756 1532 3817 Ilergetum.-
1677 3763 1700 3786 v
1733 3755 1904 3818 Malis]
1969 3757 2196 3820 Propter
2219 3761 2340 3808 anni
2368 3769 2426 3810 et
2459 3773 2669 3828 tempes-

468 3837 712 3897 suntque,
741 3845 858 3880 cum
880 3830 961 3892 iis,
982 3844 1109 3893 quos
1133 3831 1309 3880 Livius
1330 3831 1533 3880 Ilercao-
1616 3831 1737 3881 tatis
1761 3830 2225 3883 infoecunditatem.
2283 3835 2425 3886 Gall.
2446 3837 2667 3904 dicimus,

465 3923 546 3959 m
590 3917 761 3969 vocat,
810 3907 1210 3956 Tarraconensis
1263 3906 1532 3970 Hispaniae
1613 3906 1687 3956 La
1723 3909 1959 3956 mauvaise
1977 3907 2156 3965 «ἱππέες
2201 3909 2278 3957 La
2317 3914 2554 3962 mecine
2581 3917 2666 3964 ni-

470 3986 675 4051 populi.
1611 3998 1713 4034 m.

532 4069 554 4094 ¹·
592 4063 669 4111 Ex
689 4061 965 4123 ambitione]
1029 4061 1093 4111 Id
1116 4067 1217 4124 est,
1248 4063 1311 4130 ed
1330 4063 1534 4111 ser-vien-
1679 4067 1710 4092 '¹
1743 4061 1934 4125 Fidon]
1999 4060 2222 4123 Iudicat,
2253 4075 2309 4110 se
2343 4063 2664 4132 undiquaque

468 4139 581 4189 aa·
600 4137 847 4187 ambitioni
867 4141 914 4188 et
933 4135 1338 4188 commoditatibus
1353 4137 1490 4188 mie.
1615 4135 1682 4187 ab
1703 4134 1898 4203 amicis,
1935 4150 1968 4187 a
1999 4135 2182 4202 quibus
2203 4136 2312 4203 jam
2333 4151 2440 4189 non
2461 4143 2662 4208 ampliu
