2930 4758
459 274 546 347 10
1474 300 1647 347 vrrs

461 442 785 519 Sallustii,
841 445 1038 525 atque
1066 442 1390 507 brevitate
1431 444 1597 507 nihil
1632 444 1773 507 fieri
1819 464 2019 528 posse
2058 445 2437 528 perfectiuS,
2479 464 2659 528 prae-

459 546 678 609 sertim
710 543 887 626 apud
913 554 1164 607 vacuas
1191 548 1260 605 et
1289 542 1577 607 eruditas
1601 564 1815 621 aureS,
1840 564 2053 627 neque
2078 546 2325 609 veritus
2354 550 2456 611 est
2476 546 2659 610 idem

457 640 732 722 Fabius,
795 641 1194 727 Thucydidi,
1253 646 1322 707 in
1373 646 1721 709 scribenda
1779 646 2084 717 Historia
2142 646 2321 729 apud
2362 644 2659 712 ’Graecos

457 746 765 829 principi,
797 745 1186 809 Sallustium
1212 746 1434 827 ipsum
1469 764 1823 828 opponere,
1875 748 2071 810 sicuti
2100 742 2181 810 T.
2214 747 2478 811 Livium
2511 748 2658 810 He-

455 847 728 912 rodoto:
793 867 934 929 quo·
977 848 1224 911 factum
1275 854 1398 923 est,
1451 854 1523 911 ut
1556 868 1707 911 cum
1754 850 1973 931 plures
2018 848 2341 912 voluerint
2396 848 2659 913 dicendi

452 966 656 1031 genus
698 948 1168 1013 Sallustianum
1213 951 1426 1031 sequi,
1474 950 1739 1013 minime
1780 952 1909 1013 sint
1954 951 2284 1013 assecuti:
2332 954 2433 1011 est
2480 950 2655 1011 enim

451 1049 598 1132 ejus
617 1052 838 1117 -oratio
865 1056 1000 1115 tam
1031 1050 1360 1124 absoluta,
1391 1056 1526 1114 tam
1556 1057 1763 1127 casta,
1795 1055 1925 1113 tam
1956 1051 2296 1126 innocenS,
2319 1056 2393 1113 ut
2418 1050 2655 1115 merito

451 1152 540 1215 ab
567 1151 842 1216 eruditis
871 1150 1096 1216 divina
1115 1152 1403 1214 brevitas
1437 1157 1825 1231 censeatur3
1856 1172 2006 1215 nam
2037 1157 2101 1215 et
2130 1150 2504 1228 ArruntiuS,
2537 1152 2656 1235 qui

449 1252 607 1318 belli
637 1252 880 1315 Punici
935 1252 1306 1315 Historiam
1337 1252 1628 1335 scripsit,
1677 1252 1993 1316 Sallustio
2023 1258 2273 1317 tantum
2302 1247 2653 1330 concessit,

449 1358 526 1417 ut
573 1354 716 1437 ejus
767 1356 1125 1417 orationem
1173 1354 1471 1419 maximo
1516 1352 1739 1419 studio
1787 1358 2207 1435 sequeretur:
2267 1353 2445 1436 quod
2490 1354 2655 1417 alibi

449 1454 763 1519 diximus.
851 1454 923 1519 N
927 1475 1004 1519 ec
1033 1454 1196 1521 illud
1225 1456 1577 1537 ignoratur,
1598 1456 2027 1519 consuevisse
2058 1454 2446 1518 Sallustium
2473 1473 2655 1537 mag-

440 1574 530 1621 no
553 1558 786 1621 labore
812 1576 896 1622 ac
924 1557 1148 1621 >studio
1177 1557 1484 1632 scribere,
1534 1561 1609 1623 ut
1634 1558 1791 1619 nihil
1842 1576 1972 1620 non
2002 1556 2402 1633 absolutum,
2448 1560 2651 1638 atque

447 1658 811 1742 perfectum
840 1658 1048 1722 videri
1071 1662 1326 1739 posset,
1375 1657 1559 1739 quod
1608 1676 1697 1719 ex
1740 1658 1897 1739 ipsa
1934 1656 2216 1720 lectione
2246 1655 2443 1720 facile
2460 1658 2657 1721 oolli-

446 1760 639 1840 gitur.
705 1756 982 1827 Amicos
1011 1758 1077 1819 in
1104 1758 1332 1839 primis
1362 1758 1677 1834 doctrina,
1708 1763 1776 1820 et
1802 1757 2063 1838 ingenio
2084 1758 2370 1834 nobileS,
2399 1758 2653 1835 habuit,

447 1865 526 1923 ut
552 1857 928 1922 Cornelium
973 1858 1331 1942 Nepotem,
1382 1858 1773 1935 Messalam,
1818 1864 1885 1921 et
1920 1858 2269 1939 Nigidium
2314 1858 2651 1941 Figulum,

447 1962 564 2042 qui
598 1961 880 2043 periisse
909 1962 979 2023 in
1022 1962 1231 2025 exilio
1278 1961 1595 2040 traditum
1640 1960 1687 2024 J
1689 1962 1897 2025 ulium
1945 1965 2268 2043 praeterea
2320 1959 2653 2025 Caesarem

445 2080 688 2143 magno
735 2062 956 2125 studio
1001 2062 1265 2139 dilexit,
1313 2082 1356 2125 a
1389 2082 1537 2145 quo
1574 2063 1805 2139 etiam,
1856 2068 1928 2126 ut
1974 2062 2280 2138 creditur,
2330 2061 2652 2143 dignitate

445 2162 858 2245 praefecturae
901 2164 1284 2227 honestatus
1312 2168 1428 2225 est.
1521 2164 1701 2228 Illud
1744 2165 1901 2229 item
1930 2183 1973 2226 a
2003 2163 2329 2227 Suetonio
2350 2164 2651 2239 refertur,

447 2263 766 2328 Lenaeum
807 2266 1326 2347 grammaticum,
1388 2266 1700 2349 Pompeii
1742 2267 2073 2343 libertum,
2128 2266 2373 2329 sati-ras
2420 2270 2656 2329 contra

445 2364 834 2432 Sallustium
881 2368 1355 2451 composuisse,
1401 2388 1689 2452 eumque
1712 2368 2013 2433 mordaci
2062 2372 2132 2431 et
2160 2368 2480 2432 virulento
2512 2366 2654 2431 car-

441 2470 616 2534 mine
659 2469 1017 2546 lacerasse,
1064 2476 1139 2534 ut
1181 2471 1294 2553 qui
1339 2471 1677 2536 lurconem
1722 2471 1932 2547 illum,
1978 2471 2541 2554 popinonemque,
2588 2473 2655 2532 et

441 2571 852 2650 nebulonem„
901 2590 982 2635 ac
1027 2569 1394 2636 lastaurum
1439 2571 1813 2654 appellarit,
1871 2577 2009 2634 tum
2054 2573 2195 2635 vita
2244 2572 2652 2654 scriptisque

435 2677 897 2747 monstrosum,
939 2692 1030 2735 ac
1079 2671 1179 2736 M.
1229 2670 1503 2736 Catonis
1524 2683 1529 2690 ’
1550 2674 1899 2737 verborum
1940 2673 2163 2736 'furem
2209 2672 2653 2735 ineruditissi-

444 2792 624 2836 mum
651 2793 667 2838 ε
714 2773 892 2855 quod
937 2774 1160 2856 ipsimi
1179 2792 1321 2838 non
1351 2773 1487 2836 alia
1516 2774 1769 2838 ratione
1798 2792 1843 2836 a
1870 2773 2119 2838 Lenaeo
2160 2773 2411 2838 factum
2442 2772 2653 2838 credi-

441 2879 570 2952 tur,
619 2893 818 2959 quam
869 2879 944 2938 ut
975 2873 1278 2938 studium
1302 2893 1527 2951 suum,
1564 2877 1774 2956 atque
1802 2873 2085 2940 officimn
2114 2894 2272 2956 erga
2300 2880 2652 2956 patronum

441 2975 840 3058 Pompeium
879 2976 1228 3058 probaret:
1274 2995 1471 3060 quem
1500 2975 1714 3038 virum
1768 2976 2122 3042 Sallustius
2161 2997 2277 3040 ore
2319 2977 2653 3058 improbo,

442 3078 665 3142 animo
695 3082 920 3141 autem
958 3075 1405 3140 inverecundo
1449 3095 1603 3140 esse
1650 3077 2026 3160 scripserat.
2116 3077 2359 3159 Itaque
2410 3079 2653 3143 miran-

441 3178 598 3246 dum
626 3199 753 3242 non
781 3184 901 3256 est,
947 3179 1010 3242 si
1035 3183 1174 3248 tam
1204 3179 1462 3256 acerbe,
1514 3183 1715 3262 atque
1757 3178 2022 3242 sat-irice
2062 3178 2335 3242 libertus
2364 3179 2653 3244 Lmaeus

442 3285 676 3344 contra
727 3279 1116 3343 Sallustium
1171 3280 1387 3344 aciem
1437 3280 1599 3364 styli
1652 3281 1947 3348 exacuit.
2085 3280 2426 3357 Quantum
2484 3280 2652 3359 odii,

443 3385 646 3464 atque
701 3383 1069 3448 inimicitiae
1122 3382 1286 3444 inter
1349 3381 1526 3446 hunc
1592 3388 1658 3445 et
1712 3382 1813 3446 M.
1873 3381 2267 3456 Ciceronem
2331 3383 2654 3461 extiterit,
2723 3462 2729 3466 ⁵

437 3483 856 3548 uanissimam
889 3490 1035 3548 est:
1080 3481 1261 3564 quod
1305 3482 1641 3565 utriusque
1684 3484 2015 3562 violentae,
2068 3490 2269 3566 atque
2306 3485 2650 3550 acerrimae

432 3584 770 3650 orationes
801 3585 895 3647 ita
934 3584 1399 3661 demonstrant,
1445 3589 1520 3646 ut
1544 3589 1773 3648 neuter
1802 3585 2010 3650 videri
2057 3585 2273 3668 possit
2314 3586 2484 3648 satis
2537 3587 2648 3650 sui

437 3684 760 3750 rationem
809 3685 1138 3763 habrusse,
1187 3684 1344 3748 dum
1383 3686 1569 3750 alteri
1598 3687 2039 3753 malediceret.
2128 3685 2288 3764 Qua
2314 3688 2385 3749 iu
2411 3705 2483 3749 re
2510 3706 2650 3752 non

439 3791 594 3852 sunt
635 3787 845 3851 multa
891 3785 1244 3863 referenda,
1293 3805 1445 3849 cum
1494 3807 1585 3850 ex
1632 3787 2049 3872 Hieronymi,
2098 3809 2180 3852 ac
2232 3788 2431 3852 Fabii
2491 3807 2652 3854 auc·-

437 3889 697 3956 toritate
719 3894 1002 3964 constet,
1041 3905 1168 3950 eos
1197 3888 1490 3956 homines
1528 3889 1723 3970 longe
1756 3891 2119 3968 aberrasse,
2176 3892 2295 3976 qui
2324 3889 2650 3954 confictas

435 3991 652 4072 magis
675 3989 1005 4056 orationes
1037 3991 1123 4052 ab
1153 3991 1323 4067 ali-is,
1355 4010 1568 4074 »quam
1598 4011 1640 4054 a
1669 3991 1982 4056 Sallustio
2009 3998 2081 4056 et
2106 3991 2421 4084 Cicerone
2462 3992 2649 4056 habi-

437 4096 549 4164 tas
567 4091 988 4160 crediderint.
1078 4090 1168 4162 Et
1193 4111 1356 4158 sane
1400 4098 1539 4158 tam
1582 4095 1908 4179 corruptis
1935 4095 2231 4160 monibus
2260 4093 2647 4172 Sallustius,
