2930 4758
1228 299 1611 348 Ems'ronA.
2220 363 2229 368 ἢ
2472 280 2519 347 ,3

293 421 458 507 ¹vox
515 441 586 508 Ν
587 444 877 508 ationum
925 441 1126 505 etiam
1180 444 1433 505 mentes
1492 439 1833 504 obtundit:
1912 439 2108 518 Tuis,
2157 459 2309 522 quae
2359 438 2517 504 Tibi

321 541 480 607 data
521 543 762 607 fuerint
801 541 1231 630 institutionis
1269 541 1661 619 rudimenta,
1712 545 1789 605 ut
1833 541 2110 618 minora,
2156 537 2254 606 ita
2299 541 2516 623 magis

320 643 406 708 ad
449 663 674 708 eorum
723 651 996 729 captum
1039 643 1568 722 accommodata,
1616 648 1973 728 postquam
2004 641 2419 720 delibaveriS‚
2448 647 2519 708 et

318 745 912 824 commendaveris,
938 744 1287 828 relinques,
1331 743 1376 808 J
1381 763 1491 807 am
1533 763 1679 808 mos
1724 744 1976 821 suadet,
2002 742 2517 810 Smumlssmss
2595 793 2604 800 .

317 845 727 924 ancssps,
757 846 928 911 utin
971 845 1206 910 laudes
1247 851 1397 910 tuas
1447 865 1795 910 excurram
1824 844 2079 910 saltem.
2164 844 2355 909 Nihil
2378 865 2517 909 me-

313 947 478 1031 lius3
539 967 694 1012 nam
742 948 1076 1032 quisquis,
1122 949 1230 1011 vel
1259 949 1513 1026 leviter,
1542 955 1725 1011 tuam
1762 948 2052 1031 speciem
2079 943 2519 1012 adumbrave-

313 1049 421 1126 rit,
453 1049 514 1114 is
541 1049 868 1133 profecto,
914 1053 1098 1112 tanta
1125 1048 1198 1112 in
1234 1047 1335 1111 Te
1363 1054 1465 1113 est
1490 1049 1595 1114 vis
1627 1049 1805 1126 boui,
1850 1055 1989 1114 tam
2042 1047 2407 1124 manifeste,
2451 1053 2519 1114 et

316 1151 522 1229 color,
553 1156 619 1215 et
645 1152 872 1214 omnia
896 1149 1158 1216 virtutis
1186 1148 1581 1214 lineamenta
1616 1150 1683 1214 in
1726 1149 1826 1212 Te
1860 1153 2202 1235 apparent,
2234 1147 2519 1214 Per-fecti

313 1249 646 1334 Principis
673 1251 896 1316 ideam
923 1251 1344 1334 expresserit.
1431 1247 1530 1314 At
1576 1257 1752 1316 certe
1789 1250 1963 1318 unde
2009 1245 2348 1336 incipiam,
2382 1250 2517 1330 vel,

319 1351 482 1434 quid
515 1352 605 1416 sit
632 1353 700 1424 in
727 1353 828 1416 Te
854 1354 1145 1416 maxime
1183 1353 1531 1430 eximium,
1558 1371 1863 1436 prorsum
1890 1354 2141 1418 nescio.
2230 1351 2519 1417 Minima

317 1454 682 1537 aucupanti
707 1449 1008 1521 maxima
1025 1453 1433 1532 enitescunt3
1488 1459 1577 1530 et,
1608 1472 2028 1537 quocumque
2058 1453 2289 1518 oculos
2309 1459 2515 1533 verto,
2610 1480 2613 1484 ·

315 1573 526 1619 novus
555 1554 780 1632 decor,
805 1574 1023 1619 novus
1050 1574 1156 1618 me
1179 1552 1497 1637 splendor
1527 1558 1837 1638 occupat.
1909 1553 2083 1633 Quis
2110 1574 2291 1632 vero,
2318 1574 2517 1639 quam

313 1676 358 1720 a
384 1657 757 1722 PARENTE
785 1657 1016 1735 habeS‚
1057 1656 1260 1720 animi
1281 1655 1815 1740 magnitudinem,
1844 1657 2011 1720 mira
2038 1675 2189 1723 cum
2218 1662 2333 1748 tua
2362 1675 2519 1721 sua-

313 1757 517 1824 vitate
547 1759 901 1823 scribendo
931 1761 1200 1842 pingere
1227 1761 1295 1824 et
1341 1757 1893 1842 comprehendere
1920 1756 2209 1823 audeat?
2256 1757 2367 1822 Ne
2392 1777 2517 1843 po-

311 1860 442 1924 tuit
469 1861 732 1942 quidem
762 1861 1078 1927 hactenus
1103 1861 1322 1945 regios
1346 1860 1573 1925 vultus
1598 1859 1945 1943 penicillus
1972 1859 2237 1928 imitari..
2281 1855 2515 1938 'Quan-

313 1963 554 2026 tumvis
599 1965 956 2045 perspicax
1005 1969 1072 2027 et
1111 1964 1388 2048 loquax,
1429 1981 1617 2029 caeca
1644 1966 1865 2026 tamen
1908 1965 1976 2026 et
2022 1966 2210 2026 muta
2250 1961 2322 2025 in
2358 1961 2514 2044 ipso

311 2061 496 2126 fama
519 2062 678 2128 fuit·
742 2063 850 2126 Tu
889 2063 1088 2130 credo
1117 2066 1330 2145 solus,
1375 2070 1444 2130 et
1480 2063 1602 2143 Te,
1646 2068 1713 2130 et
1760 2061 1957 2128 Illum
1998 2061 2391 2146 postfuturis
2411 2081 2515 2130 rc-

311 2165 772 2246 praesentabis.
859 2164 1044 2236 Vive
1089 2165 1225 2246 diu,
1269 2171 1336 2234 et
1377 2165 1658 2232 multum
1699 2163 1876 2245 vale,
1927 2169 2188 2230 tuorum·
2224 2164 2511 2230 omnium

315 2265 511 2368 Spes,
542 2285 623 2332 ac
653 2266 961 2334 ΒοΙὶοίεες
