2930 4758
411 313 541 381 148

413 497 644 554 causa,
693 475 1034 543 statuatis:
1097 475 1370 557 fingerev
1410 494 1521 538 me
1564 476 1791 553 verba,
1790 472 1844 521 ⁶⁵
1874 474 2098 556 fugam
2126 473 2464 551 simulare,
2508 473 2619 538 cui

407 581 676 646 licuerit.
693 581 760 644 in
787 597 992 661 regno
1018 597 1300 642 manere.
1393 576 1637 655 Quodw
1663 577 1920 641 utinam
1948 577 2157 653 illum,
2186 575 2382 658 cujus
2414 576 2619 658 impio

408 683 702 748 facinore
729 681 796 744 in
817 681 942 744 has
969 681 1273 745 miserias
1319 678 1713 765 projectus&
1756 699 1924 756 sum,
1970 678 2209 743 eadem
2235 678 2383 742 haec
2416 677 2621 742 simu-

407 785 682 849 lantem¹
707 783 1016 849 videam:
1062 789 1128 847 et
1156 783 1517 866 aliquando
1544 787 1660 846 aut
1686 781 1868 865 apud
1896 801 2041 859 VOS,
2074 785 2193 845 aut
2216 779 2397 863 apud
2432 779 2621 843 Deos

409 887 811 950 immortales
855 905 1072 950 rerum
1118 886 1553 949 humanarum
1600 903 1757 948 cura
1802 885 2094 947 oriatur:
2162 879 2299 945 ne⁶⁷
2342 881 2477 959 ille,
2504 881 2621 962 qui

409 1007 584 1053 nunc
631 987 987 1052 sceleribus
1039 989 1178 1050 suis
1229 988 1421 1050 ferox
1472 992 1676 1069 atque
1728 985 2093 1070 praeclarus
2138 988 2263 1061 est,
2312 981 2621 1048 omnibus

411 1091 608 1156 malis
636 1091 1061 1154 excruciatus
1065 1098 1117 1168 ,¹
1142 1089 1509 1171 impietatis
1556 1090 1627 1153 in
1670 1093 2008 1172 parentem
2050 1091 2369 1162 nostrum,
2400 1083 2622 1148 fratris

409 1195 560 1276 mei·
586 1193 793 1268 necis»,
847 1210 1274 1274 mearumque
1329 1190 1749 1254 miseriarum
1805 1207 2039 1272 graves
2075 1206 2313 1272 poenas
2366 1181 2645 1262 reddet„

409 1291 457 1359 J
459 1313 564 1358 am
586 1295 731 1378 jam
761 1293 982 1370 frater,
1013 1293 1236 1356 animo
1266 1311 1417 1354 meo
1445 1292 1811 1369 carissime,
1843 1308 2219 1375 quanquam
2244 1286 2621 1364 immaturo,

409 1393 529 1462 et⁶⁸
571 1395 741 1475 unde
782 1395 1052 1459 minime
1077 1393 1323 1471 decuit,
1352 1395 1495 1458 vita
1522 1399 1751 1476 erepta
1788 1398 1930 1457 est:
1996 1399 2214 1456 tamen
2257 1388 2623 1454 laetandum

408 1498 648 1579 magiS,
699 1515 899 1580 quam
951 1495 1302 1560 dolendum
1352 1493 1573 1577 puto⁶⁹
1623 1514 1855 1558 casum
1910 1491 2147 1558 tuum!
2236 1492 2397 1555 Non
2444 1491 2623 1554 enim

408 1607 730 1683 regnum:³
779 1599 896 1664 sed
940 1598 1190 1680 fugam,
1231 1599 1531 1676 exilium,
1560 1603 1913 1680 egestatem
1942 1599 2010 1659 et
2036 1613 2267 1658 omnes
2292 1593 2437 1670 has»,
2468 1612 2623 1675 quae

409 1721 518 1764 me
546 1708 874 1784 premunt,
905 1721 1236 1766 aerumnas
1265 1722 1418 1764 cum
1467 1701 1688 1764 anima
1742 1699 1937 1762 simul
1985 1696 2292 1760 amisisti.
2377 1694 2473 1758 At
2498 1713 2623 1776 ego

409 1801 668 1886 infelix,
713 1803 784 1868 in
827 1806 1012 1866 tanta
1055 1803 1233 1864 mala
1278 1802 1739 1884 praecipitatus
1767 1820 1857 1865 ex
1887 1799 2108 1882 patrio
2153 1817 2378 1879 regne,
2405 1815 2623 1861 rerum

409 1902 844 1967 humanarum
903 1904 1381 1986 spectaculum⁸
1427 1908 1747 1986 praebeot
1833 1904 2123 1967 incertus
2184 1900 2345 1985 quid
2402 1918 2622 1984 agam,

1115 330 1180 380 G.
1227 329 1473 379 cmsm
1520 325 1913 380 SALLUS'ru

475 2079 502 2114 ¹⁸
535 2082 761 2144 Jamjam,
783 2097 810 2130 o
830 2082 1088 2146 Adherbal,
1113 2083 1279 2144 frater
1295 2085 1535 2136 carissime
1555 2087 1711 2135 auimo
1732 2101 1850 2144 meo,
1878 2090 1993 2148 puto
2029 2099 2189 2134 casum
2208 2089 2341 2134 tuum
2358 2087 2407 2132 et
2427 2089 2625 2132 mortem

409 2149 664 2198 laetamiam
683 2147 836 2208 magis
855 2163 994 2210 quam
1027 2149 1291 2224 domui,
1313 2165 1577 2214 quanquam
1596 2153 1698 2199 vita
1718 2156 1881 2213 erepta
1903 2155 1973 2200 est
1996 2150 2087 2198 tibi
2106 2150 2379 2213 immaturo,
2398 2153 2445 2198 et
2463 2148 2625 2211 primu

398 2213 614 2273 juvente
622 2210 753 2276 sace,
770 2218 818 2262 et
837 2213 896 2262 ab
916 2227 986 2276 eo,
1002 2228 1034 2260 a
1048 2227 1137 2275 quo
1151 2213 1346 2264 minime
1365 2215 1523 2264 decuit
1547 2231 1649 2264 eam
1670 2214 1760 2264 tibi
1780 2215 1919 2278 enfpi.

1327 2343 1383 2362 OC
1393 2342 1593 2366 ’Μέθη
1569 2342 1685 2362 0000

409 2439 570 2488 dicere
593 2438 642 2500 f.
673 2454 738 2488 m.
778 2454 824 2488 υ.
867 2440 1064 2491 0.-66
1095 2441 1269 2501 eiectus
1291 2441 1491 2491 A.—6⁷
1523 2441 1675 2493 atille
1694 2442 1757 2494 A.
1780 2445 1845 2493 Β.
1868 2443 1926 2493 C.
1944 2444 2017 2492 D.
2041 2444 2103 2493 E.
2126 2444 2187 2492 F.
2206 2441 2275 2491 G.
2301 2440 2370 2491 H.
2394 2441 2439 2491 1.
2464 2441 2535 2491 K.
2559 2441 2623 2491 L.

410 2504 490 2552 Μ.
511 2502 560 2553 N
567 2508 713 2553 .—68
747 2508 792 2553 ez
817 2504 956 2554 delet
978 2506 1174 2555 E.-69
1199 2512 1317 2570 puto
1339 2522 1438 2556 esse
1458 2505 1659 2557 A.—⁷o
1694 2509 1840 2559 delet
1860 2508 1959 2572 ipse
1981 2510 2184 2557 D.—‘11
2218 2506 2401 2555 ααωὶιίο
2422 2504 2491 2555 Α.

1413 2638 1629 2699 NOTAE

412 2750 570 2788 causa
615 2744 894 2799 statuatur,
936 2748 1092 2803 prout
1130 2740 1481 2793 Adherbalem

410 2812 589 2863 facere
620 2815 782 2878 legati
813 2817 1191 2879 supponebant.
1258 2814 1334 2867 At
1355 2834 1480 2867 vero

411 2904 662 2955 perverse
684 2891 776 2950 illi,
798 2907 916 2939 cum
944 2891 1246 2942 Adherbalis
1267 2895 1480 2957 petitio·

409 2965 562 3015 nibus
584 2966 714 3015 illud
747 2968 962 3016 subdole
1001 2967 1304 3031 admiscent,
1340 2970 1477 3033 quod

409 3058 514 3093 non
552 3058 821 3107 perversas
860 3043 1033 3105 modo,
1055 3045 1146 3093 sed
1185 3053 1241 3094 et
1276 3047 1479 3109 ineptas

411 3134 502 3171 eas
539 3120 712 3172 efficit.
781 3121 837 3171 Is
878 3118 1114 3185 profecto
1148 3121 1366 3171 ridicule
1403 3123 1477 3170 ni·

411 3197 510 3246 mis
544 3196 915 3261 requisivisset,
937 3203 996 3245 ut
1019 3196 1084 3245 de
1105 3196 1366 3260 ‚iugurtha
1385 3198 1477 3245 Se-

411 3280 563 3321 natus
593 3273 788 3321 indicta
823 3288 980 3322 causa
1005 3274 1334 3337 decerneret,
1357 3288 1477 3323 cum

413 3347 480 3397 ad
503 3362 616 3398 eam
634 3348 908 3408 dicendam
943 3349 1018 3398 illi
1056 3350 1311 3399 adessent.
1374 3351 1477 3398 Ve-

367 3418 382 3427 “
413 3438 526 3472 rum
550 3431 826 3487 tyrannum
865 3427 1098 3487 oportuit
1136 3425 1236 3475 suis
1274 3425 1477 3475 technis

414 3507 618 3562 tempus
668 3500 958 3568 redimere3
1006 3501 1222 3567 jamque
1265 3517 1359 3551 nos
1403 3502 1479 3551 ni—

413 3572 569 3625 mium
593 3576 836 3625 detinuit.

480 3659 502 3683 ¹¹
539 3651 762 3715 Absente]
795 3654 829 3703 J
837 3654 1054 3717 ugurtha
1075 3654 1185 3704 scil.

477 3734 502 3759 Ὺ
534 3726 770 3791 Fingere]
808 3729 925 3777 Non
951 3737 1124 3792 potest
1143 3731 1357 3781 verbum
1380 3732 1479 3781 hoc

412 3817 476 3853 eo
533 3803 706 3865 modo,
759 3818 861 3867 quo
907 3805 1261 3868 praecedentia
1305 3807 1480 3856 imme-

413 3880 556 3929 diate
596 3880 827 3929 construi
852 3894 967 3928 cum
991 3882 1150 3930 verbo
1170 3884 1308 3931 audio
1325 3881 1348 3939 ‚·'
1392 3898 1480 3932 ve-

414 3969 529 4004 rum
551 3955 601 4004 in
625 3970 686 4004 eo
711 3954 912 4004 laudem
935 3956 1122 4004 meruit
1141 3965 1318 4006 noster
1340 3956 1479 4008 Auc-

413 4038 515 4095 tor,
551 4033 638 4097 qui
661 4032 808 4097 quasi
842 4032 1134 4083 inordinate
1157 4048 1221 4083 ea
1242 4036 1482 4099 congerit

416 4121 532 4173 quae
555 4109 860 4159 contemnit.

481 4191 514 4216 W
562 4186 724 4248 Quod]
789 4188 930 4239 Illud
965 4194 1048 4239 est
1087 4187 1224 4254 quod
1259 4186 1481 4251 Gallice,

1560 2749 1775 2794 ornatus
1792 2758 1967 2805 causa,
1981 2743 2065 2791 vel
2090 2756 2157 2790 ex
2172 2740 2387 2805 majoris
2406 2739 2627 2791 affectus

1559 2819 1949 2882 consuetudine,
1994 2817 2231 2880 dicimus,
2290 2818 2394 2871 Que
2438 2815 2549 2879 plat
2594 2818 2628 2865 ὰ

1560 2896 1687 2943 Dieu
1707 2911 1813 2957 que,
1831 2898 1915 2957 &a
2318 2900 2324 2905 '

1602 2976 1652 3013 Ἀ(
1683 2967 2015 3030 Simulantem]
2068 2970 2215 3019 Nota
2248 2969 2381 3019 hanc
2418 2981 2626 3031 respon-

1559 3045 1716 3095 dendi
1742 3048 2026 3096 rationem:
2080 3046 2215 3095 acris
2236 3053 2347 3106 θεῖς
2402 3059 2626 3108 cumque

1558 3124 1748 3173 multas
1770 3123 1929 3171 habet
1952 3122 2161 3185 figuras,
2186 3128 2293 3170 tum
2316 3122 2489 3184 plures
2512 3128 2626 3171 tan-

1560 3200 1640 3261 git
1682 3198 1915 3249 affectus.
2024 3198 2345 3261 Simpliciter
2386 3204 2629 3261 negasset

1559 3274 1827 3324 Adherbal
1882 3290 1939 3323 se
1994 3274 2231 3322 simulare
2284 3270 2625 3321 infortunium

1560 3367 1724 3415 suum,
1743 3353 1832 3401 sed
1857 3364 2040 3400 revera
2060 3350 2306 3399 miserum
2328 3362 2453 3398 esse.

1623 3437 1645 3471 1
1696 3428 2037 3490 Exorat-iatius]
2090 3427 2305 3490 Supple,
2340 3426 2488 3477 Sicut
2526 3440 2627 3489 ego

1560 3521 1690 3555 snm.

1624 3588 1646 3615 Ε
1681 3582 1923 3644 Regnum]
1969 3582 2035 3631 Id
2058 3587 2156 3643 est,
2174 3596 2269 3649 nan
2290 3585 2389 3629 tam
2410 3594 2627 3641 regnum.

1560 3659 1868 3709 Laetandum
1891 3659 2051 3723 magis
2074 3659 2211 3723 quod
2248 3672 2409 3723 regno
2442 3658 2632 3720 spolia-

1561 3743 1643 3785 tus
1665 3737 1751 3798 siS,
1787 3751 1941 3800 quam
1964 3732 2273 3796 dolendum3
2324 3749 2441 3784 cum
2480 3748 2513 3783 a
2554 3740 2627 3797 te,

1560 3826 1664 3861 una
1700 3820 1757 3862 et
1787 3812 1968 3861 eadem
2012 3826 2188 3875 opera,
2227 3810 2367 3876 fuga,
2402 3816 2628 3875 egestas,

1558 3890 1767 3939 exilium
1790 3890 2062 3952 depulsum
2086 3888 2169 3938 sit.

1548 4021 1555 4029 ,
1622 3973 1643 3997 ²
1675 3965 2022 4029 Spectaculum]
2070 3963 2134 4013 Id
2158 3970 2258 4024 est,
2281 3964 2361 4012 De
2378 3963 2626 4025 mesragi-

1558 4040 1714 4163 ῗεαιίο
1732 4042 1949 4095 humanm
1968 4039 2231 4103 exemplum
2251 4038 2457 4099 somna
2488 4038 2626 4088 exhi-

1588 4116 1705 4166 nitu
