<?xml version="1.0" encoding="UTF-8"?>
<!DOCTYPE html PUBLIC "-//W3C//DTD XHTML 1.0 Transitional//EN"
    "http://www.w3.org/TR/xhtml1/DTD/xhtml1-transitional.dtd">
<html xmlns="http://www.w3.org/1999/xhtml" xml:lang="en" lang="en">
 <head>
  <title>
</title>
<meta http-equiv="Content-Type" content="text/html;charset=utf-8" />
  <meta name='ocr-system' content='tesseract 3.04.00' />
  <meta name='ocr-capabilities' content='ocr_page ocr_carea ocr_par ocr_line ocrx_word'/>
</head>
<body>
  <div class='ocr_page' id='page_1' title='image "./ccrispisallusti01clergoog_0298.png"; bbox 0 0 2930 4758; ppageno 0'>
   <div class='ocr_carea' id='block_1_1' title="bbox 447 286 580 355">
    <p class='ocr_par' dir='ltr' id='par_1_1' title="bbox 447 286 580 355">
     <span class='ocr_line' id='line_1_1' title="bbox 447 286 580 355; baseline 0 -1"><span class='ocrx_word' id='word_1_1' title='bbox 447 286 580 355; x_wconf 70' lang='lat'><strong>2824</strong></span> 
     </span>
    </p>
   </div>
   <div class='ocr_carea' id='block_1_2' title="bbox 429 444 2721 2152">
    <p class='ocr_par' dir='ltr' id='par_1_2' title="bbox 429 444 2721 2152">
     <span class='ocr_line' id='line_1_2' title="bbox 445 444 2657 530; baseline -0.001 -19"><span class='ocrx_word' id='word_1_2' title='bbox 445 450 631 513; x_wconf 81' lang='lat' dir='ltr'><strong>nium</strong></span> <span class='ocrx_word' id='word_1_3' title='bbox 657 448 1002 511; x_wconf 88' lang='lat' dir='ltr'><strong>bonorum.</strong></span> <span class='ocrx_word' id='word_1_4' title='bbox 1075 446 1172 510; x_wconf 88' lang='lat' dir='ltr'><strong>Ut</strong></span> <span class='ocrx_word' id='word_1_5' title='bbox 1199 444 1286 511; x_wconf 68' lang='lat' dir='ltr'><strong>tes</strong></span> <span class='ocrx_word' id='word_1_6' title='bbox 1303 467 1527 530; x_wconf 85' lang='lat' dir='ltr'><strong>neque</strong></span> <span class='ocrx_word' id='word_1_7' title='bbox 1546 448 1907 524; x_wconf 81' lang='lat' dir='ltr'><strong>hominum,</strong></span> <span class='ocrx_word' id='word_1_8' title='bbox 1936 465 2147 530; x_wconf 90' lang='lat' dir='ltr'><strong>neque</strong></span> <span class='ocrx_word' id='word_1_9' title='bbox 2176 446 2494 523; x_wconf 85' lang='lat' dir='ltr'><strong>Deorum,</strong></span> <span class='ocrx_word' id='word_1_10' title='bbox 2524 456 2657 529; x_wconf 73' lang='lat' dir='ltr'><strong>pu-</strong></span> 
     </span>
     <span class='ocr_line' id='line_1_3' title="bbox 448 547 2657 633; baseline -0.001 -18"><span class='ocrx_word' id='word_1_11' title='bbox 448 552 582 627; x_wconf 91' lang='lat' dir='ltr'><strong>det,</strong></span> <span class='ocrx_word' id='word_1_12' title='bbox 611 570 780 632; x_wconf 86' lang='lat' dir='ltr'><strong>quos</strong></span> <span class='ocrx_word' id='word_1_13' title='bbox 807 568 924 631; x_wconf 89' lang='lat' dir='ltr'><strong>per</strong></span> <span class='ocrx_word' id='word_1_14' title='bbox 949 550 1170 625; x_wconf 91' lang='lat' dir='ltr'><strong>fidem,</strong></span> <span class='ocrx_word' id='word_1_15' title='bbox 1203 557 1316 612; x_wconf 91' lang='lat' dir='ltr'><strong>aut</strong></span> <span class='ocrx_word' id='word_1_16' title='bbox 1343 550 1631 633; x_wconf 88' lang='lat' dir='ltr'><strong>perjurio</strong></span> <span class='ocrx_word' id='word_1_17' title='bbox 1663 548 1955 611; x_wconf 85' lang='lat' dir='ltr'><strong>violasti!</strong></span> <span class='ocrx_word' id='word_1_18' title='bbox 2004 547 2163 625; x_wconf 83' lang='lat' dir='ltr'><strong>Qui,</strong></span> <span class='ocrx_word' id='word_1_19' title='bbox 2196 548 2463 632; x_wconf 88' lang='lat' dir='ltr'><strong>quando</strong></span> <span class='ocrx_word' id='word_1_20' title='bbox 2495 548 2657 613; x_wconf 75' lang='lat' dir='ltr'><strong>talis</strong></span> 
     </span>
     <span class='ocr_line' id='line_1_4' title="bbox 449 651 2657 730; baseline 0 -15"><span class='ocrx_word' id='word_1_21' title='bbox 449 672 548 730; x_wconf 78' lang='lat' dir='ltr'><strong>eS,</strong></span> <span class='ocrx_word' id='word_1_22' title='bbox 591 671 864 717; x_wconf 82' lang='lat' dir='ltr'><strong>maneas</strong></span> <span class='ocrx_word' id='word_1_23' title='bbox 915 652 984 713; x_wconf 90' lang='lat' dir='ltr'><strong>in</strong></span> <span class='ocrx_word' id='word_1_24' title='bbox 1035 652 1380 727; x_wconf 87' lang='lat' dir='ltr'><strong>sententia,</strong></span> <span class='ocrx_word' id='word_1_25' title='bbox 1433 660 1501 714; x_wconf 92' lang='lat' dir='ltr'><strong>et</strong></span> <span class='ocrx_word' id='word_1_26' title='bbox 1549 652 1825 713; x_wconf 79' lang='lat' dir='ltr'>retineas</span> <span class='ocrx_word' id='word_1_27' title='bbox 1872 669 2074 727; x_wconf 89' lang='lat' dir='ltr'><strong>arma,</strong></span> <span class='ocrx_word' id='word_1_28' title='bbox 2120 657 2184 713; x_wconf 93' lang='lat' dir='ltr'><strong>te</strong></span> <span class='ocrx_word' id='word_1_29' title='bbox 2228 651 2477 715; x_wconf 89' lang='lat' dir='ltr'><strong>hortor:</strong></span> <span class='ocrx_word' id='word_1_30' title='bbox 2520 666 2657 716; x_wconf 87' lang='lat' dir='ltr'><strong>neu</strong></span> 
     </span>
     <span class='ocr_line' id='line_1_5' title="bbox 448 752 2657 837; baseline 0 -20"><span class='ocrx_word' id='word_1_31' title='bbox 448 754 856 837; x_wconf 83' lang='lat' dir='ltr'><strong>prolatandis</strong></span> <span class='ocrx_word' id='word_1_32' title='bbox 909 753 1336 816; x_wconf 83' lang='lat' dir='ltr'><strong>seditionibus</strong></span> <span class='ocrx_word' id='word_1_33' title='bbox 1388 753 1650 834; x_wconf 83' lang='lat' dir='ltr'><strong>inquies</strong></span> <span class='ocrx_word' id='word_1_34' title='bbox 1705 753 1875 835; x_wconf 85' lang='lat' dir='ltr'><strong>ipse,</strong></span> <span class='ocrx_word' id='word_1_35' title='bbox 1926 771 2051 815; x_wconf 89' lang='lat' dir='ltr'><strong>nos</strong></span> <span class='ocrx_word' id='word_1_36' title='bbox 2108 752 2175 814; x_wconf 87' lang='lat' dir='ltr'><strong>in</strong></span> <span class='ocrx_word' id='word_1_37' title='bbox 2234 752 2657 817; x_wconf 83' lang='lat' dir='ltr'><strong>solicitudine</strong></span> 
     </span>
     <span class='ocr_line' id='line_1_6' title="bbox 449 852 2659 937; baseline -0 -19"><span class='ocrx_word' id='word_1_38' title='bbox 449 855 750 919; x_wconf 89' lang='lat' dir='ltr'><strong>attineas.</strong></span> <span class='ocrx_word' id='word_1_39' title='bbox 843 854 1078 937; x_wconf 86' lang='lat' dir='ltr'><strong>Neque</strong></span> <span class='ocrx_word' id='word_1_40' title='bbox 1107 859 1168 917; x_wconf 88' lang='lat' dir='ltr'><strong>te</strong></span> <span class='ocrx_word' id='word_1_41' title='bbox 1211 854 1597 936; x_wconf 80' lang='lat' dir='ltr'><strong>provinciae,</strong></span> <span class='ocrx_word' id='word_1_42' title='bbox 1638 872 1851 934; x_wconf 86' lang='lat' dir='ltr'><strong>neque</strong></span> <span class='ocrx_word' id='word_1_43' title='bbox 1890 852 2090 933; x_wconf 83' lang='lat' dir='ltr'><strong>leges,</strong></span> <span class='ocrx_word' id='word_1_44' title='bbox 2139 872 2351 936; x_wconf 88' lang='lat' dir='ltr'><strong>neque</strong></span> <span class='ocrx_word' id='word_1_45' title='bbox 2399 853 2491 915; x_wconf 88' lang='lat' dir='ltr'><strong>Di</strong></span> <span class='ocrx_word' id='word_1_46' title='bbox 2523 853 2659 917; x_wconf 85' lang='lat' dir='ltr'><strong>Pe·-</strong></span> 
     </span>
     <span class='ocr_line' id='line_1_7' title="bbox 448 955 2659 1039; baseline 0 -20"><span class='ocrx_word' id='word_1_47' title='bbox 448 962 635 1020; x_wconf 86' lang='lat' dir='ltr'><strong>nates</strong></span> <span class='ocrx_word' id='word_1_48' title='bbox 667 958 881 1020; x_wconf 86' lang='lat' dir='ltr'><strong>civem</strong></span> <span class='ocrx_word' id='word_1_49' title='bbox 909 958 1260 1039; x_wconf 87' lang='lat' dir='ltr'><strong>patiuntur.</strong></span> <span class='ocrx_word' id='word_1_50' title='bbox 1335 955 1571 1035; x_wconf 85' lang='lat' dir='ltr'><strong>Perge,</strong></span> <span class='ocrx_word' id='word_1_51' title='bbox 1605 974 1741 1036; x_wconf 93' lang='lat' dir='ltr'><strong>qua</strong></span> <span class='ocrx_word' id='word_1_52' title='bbox 1762 955 2053 1037; x_wconf 85' lang='lat' dir='ltr'><strong>coepisti,</strong></span> <span class='ocrx_word' id='word_1_53' title='bbox 2082 959 2159 1017; x_wconf 90' lang='lat' dir='ltr'><strong>ut</strong></span> <span class='ocrx_word' id='word_1_54' title='bbox 2188 974 2389 1035; x_wconf 86' lang='lat' dir='ltr'><strong>quam</strong></span> <span class='ocrx_word' id='word_1_55' title='bbox 2408 960 2659 1019; x_wconf 89' lang='lat' dir='ltr'><strong>matur-</strong></span> 
     </span>
     <span class='ocr_line' id='line_1_8' title="bbox 448 1054 2661 1137; baseline -0 -16"><span class='ocrx_word' id='word_1_56' title='bbox 448 1059 612 1122; x_wconf 88' lang='lat' dir='ltr'><strong>rime</strong></span> <span class='ocrx_word' id='word_1_57' title='bbox 668 1062 902 1123; x_wconf 85' lang='lat' dir='ltr'><strong>merita</strong></span> <span class='ocrx_word' id='word_1_58' title='bbox 945 1060 1263 1122; x_wconf 84' lang='lat' dir='ltr'><strong>invenias.</strong></span> <span class='ocrx_word' id='word_1_59' title='bbox 1352 1056 1501 1121; x_wconf 92' lang='lat' dir='ltr'><strong>Vos</strong></span> <span class='ocrx_word' id='word_1_60' title='bbox 1538 1064 1779 1133; x_wconf 88' lang='lat' dir='ltr'><strong>autem,</strong></span> <span class='ocrx_word' id='word_1_61' title='bbox 1812 1056 1895 1119; x_wconf 90' lang='lat' dir='ltr'><strong>P.</strong></span> <span class='ocrx_word' id='word_1_62' title='bbox 1929 1054 2010 1119; x_wconf 90' lang='lat' dir='ltr'><strong>C.</strong></span> <span class='ocrx_word' id='word_1_63' title='bbox 2062 1067 2411 1137; x_wconf 81' lang='lat' dir='ltr'><strong>quousque</strong></span> <span class='ocrx_word' id='word_1_64' title='bbox 2454 1076 2661 1121; x_wconf 88' lang='lat' dir='ltr'><strong>cunc-</strong></span> 
     </span>
     <span class='ocr_line' id='line_1_9' title="bbox 447 1157 2663 1242; baseline -0 -20"><span class='ocrx_word' id='word_1_65' title='bbox 447 1161 651 1223; x_wconf 85' lang='lat' dir='ltr'><strong>tando</strong></span> <span class='ocrx_word' id='word_1_66' title='bbox 678 1181 884 1242; x_wconf 87' lang='lat' dir='ltr'><strong>remp.</strong></span> <span class='ocrx_word' id='word_1_67' title='bbox 913 1163 1190 1223; x_wconf 87' lang='lat' dir='ltr'><strong>intutam</strong></span> <span class='ocrx_word' id='word_1_68' title='bbox 1238 1159 1603 1240; x_wconf 89' lang='lat' dir='ltr'><strong>patiemini,</strong></span> <span class='ocrx_word' id='word_1_69' title='bbox 1640 1162 1721 1220; x_wconf 84' lang='lat' dir='ltr'><strong>et</strong></span> <span class='ocrx_word' id='word_1_70' title='bbox 1767 1157 1989 1220; x_wconf 87' lang='lat' dir='ltr'><strong>verbis</strong></span> <span class='ocrx_word' id='word_1_71' title='bbox 2039 1175 2224 1219; x_wconf 85' lang='lat' dir='ltr'><strong>arma</strong></span> <span class='ocrx_word' id='word_1_72' title='bbox 2251 1157 2587 1221; x_wconf 83' lang='lat' dir='ltr'><strong>tentabitis</strong></span> <span class='ocrx_word' id='word_1_73' title='bbox 2598 1159 2663 1221; x_wconf 72' lang='lat' dir='ltr'><strong>‘t‘</strong></span> 
     </span>
     <span class='ocr_line' id='line_1_10' title="bbox 451 1258 2657 1339; baseline 0 -18"><span class='ocrx_word' id='word_1_74' title='bbox 451 1259 766 1323; x_wconf 72' lang='lat' dir='ltr'><strong>Deiectus</strong></span> <span class='ocrx_word' id='word_1_75' title='bbox 806 1260 1154 1323; x_wconf 88' lang='lat' dir='ltr'><strong>adversum</strong></span> <span class='ocrx_word' id='word_1_76' title='bbox 1185 1278 1308 1323; x_wconf 87' lang='lat' dir='ltr'><strong>vos</strong></span> <span class='ocrx_word' id='word_1_77' title='bbox 1335 1259 1545 1322; x_wconf 89' lang='lat' dir='ltr'><strong>habiti</strong></span> <span class='ocrx_word' id='word_1_78' title='bbox 1568 1258 1935 1339; x_wconf 71' lang='lat' dir='ltr'><strong>:pecuniae</strong></span> <span class='ocrx_word' id='word_1_79' title='bbox 1964 1258 2231 1339; x_wconf 89' lang='lat' dir='ltr'><strong>publice</strong></span> <span class='ocrx_word' id='word_1_80' title='bbox 2254 1261 2320 1319; x_wconf 90' lang='lat' dir='ltr'><strong>et</strong></span> <span class='ocrx_word' id='word_1_81' title='bbox 2346 1259 2657 1338; x_wconf 79' lang='lat' dir='ltr'><strong>privatim</strong></span> 
     </span>
     <span class='ocr_line' id='line_1_11' title="bbox 447 1357 2656 1444; baseline -0 -21"><span class='ocrx_word' id='word_1_82' title='bbox 447 1364 762 1441; x_wconf 81' lang='lat' dir='ltr'><strong>extortae3</strong></span> <span class='ocrx_word' id='word_1_83' title='bbox 830 1362 1150 1444; x_wconf 80' lang='lat' dir='ltr'><strong>praesidia</strong></span> <span class='ocrx_word' id='word_1_84' title='bbox 1205 1359 1488 1423; x_wconf 87' lang='lat' dir='ltr'><strong>deducta</strong></span> <span class='ocrx_word' id='word_1_85' title='bbox 1546 1364 1744 1441; x_wconf 89' lang='lat' dir='ltr'><strong>atque</strong></span> <span class='ocrx_word' id='word_1_86' title='bbox 1800 1358 2151 1439; x_wconf 82' lang='lat' dir='ltr'><strong>imposita3</strong></span> <span class='ocrx_word' id='word_1_87' title='bbox 2214 1377 2301 1421; x_wconf 82' lang='lat' dir='ltr'><strong>ex</strong></span> <span class='ocrx_word' id='word_1_88' title='bbox 2356 1357 2656 1422; x_wconf 88' lang='lat' dir='ltr'><strong>lubidine</strong></span> 
     </span>
     <span class='ocr_line' id='line_1_12' title="bbox 429 1456 2661 1545; baseline -0 -21"><span class='ocrx_word' id='word_1_89' title='bbox 429 1461 628 1544; x_wconf 82' lang='lat' dir='ltr'><strong>¹leges</strong></span> <span class='ocrx_word' id='word_1_90' title='bbox 657 1462 1086 1545; x_wconf 81' lang='lat' dir='ltr'><strong>imperantu13</strong></span> <span class='ocrx_word' id='word_1_91' title='bbox 1149 1482 1304 1527; x_wconf 90' lang='lat' dir='ltr'><strong>cum</strong></span> <span class='ocrx_word' id='word_1_92' title='bbox 1331 1462 1583 1525; x_wconf 88' lang='lat' dir='ltr'><strong>interim</strong></span> <span class='ocrx_word' id='word_1_93' title='bbox 1614 1478 1735 1525; x_wconf 88' lang='lat' dir='ltr'><strong>vos</strong></span> <span class='ocrx_word' id='word_1_94' title='bbox 1763 1456 2049 1539; x_wconf 79' lang='lat' dir='ltr'><strong>legatosh</strong></span> <span class='ocrx_word' id='word_1_95' title='bbox 2076 1463 2143 1521; x_wconf 88' lang='lat' dir='ltr'><strong>et</strong></span> <span class='ocrx_word' id='word_1_96' title='bbox 2169 1458 2434 1523; x_wconf 85' lang='lat' dir='ltr'><strong>decreta</strong></span> <span class='ocrx_word' id='word_1_97' title='bbox 2460 1476 2661 1542; x_wconf 84' lang='lat' dir='ltr'><strong>para-</strong></span> 
     </span>
     <span class='ocr_line' id='line_1_13' title="bbox 449 1562 2721 1655; baseline -0.004 -28"><span class='ocrx_word' id='word_1_98' title='bbox 449 1563 558 1627; x_wconf 86' lang='lat' dir='ltr'><strong>tis.</strong></span> <span class='ocrx_word' id='word_1_99' title='bbox 649 1564 738 1628; x_wconf 85' lang='lat' dir='ltr'><strong>Et</strong></span> <span class='ocrx_word' id='word_1_100' title='bbox 767 1571 1036 1647; x_wconf 85' lang='lat' dir='ltr'><strong>quanto,</strong></span> <span class='ocrx_word' id='word_1_101' title='bbox 1069 1566 1452 1641; x_wconf 86' lang='lat' dir='ltr'><strong>mehercule,</strong></span> <span class='ocrx_word' id='word_1_102' title='bbox 1498 1564 1758 1627; x_wconf 89' lang='lat' dir='ltr'><strong>avidius</strong></span> <span class='ocrx_word' id='word_1_103' title='bbox 1808 1580 2044 1644; x_wconf 84' lang='lat' dir='ltr'><strong>pacem</strong></span> <span class='ocrx_word' id='word_1_104' title='bbox 2095 1562 2438 1643; x_wconf 82' lang='lat' dir='ltr'><strong>petieritiS,</strong></span> <span class='ocrx_word' id='word_1_105' title='bbox 2454 1566 2659 1655; x_wconf 20' lang='lat' dir='ltr'><strong>‘tanto</strong></span> <span class='ocrx_word' id='word_1_106' title='bbox 2715 1610 2721 1618; x_wconf 80' lang='grc'><strong><em>,</em></strong></span> 
     </span>
     <span class='ocr_line' id='line_1_14' title="bbox 431 1662 2658 1747; baseline -0.001 -18"><span class='ocrx_word' id='word_1_107' title='bbox 431 1662 695 1729; x_wconf 48' lang='lat' dir='ltr'><strong>“bellum</strong></span> <span class='ocrx_word' id='word_1_108' title='bbox 739 1668 956 1731; x_wconf 86' lang='lat' dir='ltr'><strong>acrius</strong></span> <span class='ocrx_word' id='word_1_109' title='bbox 999 1668 1153 1747; x_wconf 83' lang='lat' dir='ltr'><strong>erit3</strong></span> <span class='ocrx_word' id='word_1_110' title='bbox 1199 1688 1349 1731; x_wconf 89' lang='lat' dir='ltr'><strong>cum</strong></span> <span class='ocrx_word' id='word_1_111' title='bbox 1399 1666 1731 1747; x_wconf 82' lang='lat' dir='ltr'><strong>intelliget,</strong></span> <span class='ocrx_word' id='word_1_112' title='bbox 1793 1684 1865 1729; x_wconf 89' lang='lat' dir='ltr'><strong>se</strong></span> <span class='ocrx_word' id='word_1_113' title='bbox 1919 1669 2101 1727; x_wconf 91' lang='lat' dir='ltr'><strong>metu</strong></span> <span class='ocrx_word' id='word_1_114' title='bbox 2157 1664 2393 1743; x_wconf 62' lang='lat' dir='ltr'><strong>magist,</strong></span> <span class='ocrx_word' id='word_1_115' title='bbox 2454 1682 2658 1744; x_wconf 84' lang='lat' dir='ltr'><strong>quam</strong></span> 
     </span>
     <span class='ocr_line' id='line_1_15' title="bbox 449 1762 2659 1849; baseline -0.003 -16"><span class='ocrx_word' id='word_1_116' title='bbox 449 1788 646 1849; x_wconf 83' lang='lat' dir='ltr'><strong>aequo</strong></span> <span class='ocrx_word' id='word_1_117' title='bbox 706 1776 773 1833; x_wconf 92' lang='lat' dir='ltr'><strong>et</strong></span> <span class='ocrx_word' id='word_1_118' title='bbox 825 1770 1000 1833; x_wconf 90' lang='lat' dir='ltr'><strong>bono</strong></span> <span class='ocrx_word' id='word_1_119' title='bbox 1059 1773 1511 1833; x_wconf 89' lang='lat' dir='ltr'><strong>sustentatum.</strong></span> <span class='ocrx_word' id='word_1_120' title='bbox 1602 1765 1780 1829; x_wconf 88' lang='lat' dir='ltr'><strong>Nam</strong></span> <span class='ocrx_word' id='word_1_121' title='bbox 1837 1766 1953 1847; x_wconf 91' lang='lat' dir='ltr'><strong>qui</strong></span> <span class='ocrx_word' id='word_1_122' title='bbox 1999 1765 2225 1827; x_wconf 84' lang='lat' dir='ltr'><strong>turbas</strong></span> <span class='ocrx_word' id='word_1_123' title='bbox 2280 1766 2347 1825; x_wconf 90' lang='lat' dir='ltr'><strong>et</strong></span> <span class='ocrx_word' id='word_1_124' title='bbox 2400 1762 2659 1827; x_wconf 76' lang='lat' dir='ltr'><strong>caedem</strong></span> 
     </span>
     <span class='ocr_line' id='line_1_16' title="bbox 450 1863 2658 1946; baseline -0.003 -13"><span class='ocrx_word' id='word_1_125' title='bbox 450 1870 696 1933; x_wconf 88' lang='lat' dir='ltr'><strong>civium</strong></span> <span class='ocrx_word' id='word_1_126' title='bbox 741 1870 965 1932; x_wconf 90' lang='lat' dir='ltr'><strong>odisse</strong></span> <span class='ocrx_word' id='word_1_127' title='bbox 1011 1866 1145 1946; x_wconf 83' lang='lat' dir='ltr'><strong>ait,i</strong></span> <span class='ocrx_word' id='word_1_128' title='bbox 1171 1873 1237 1933; x_wconf 90' lang='lat' dir='ltr'><strong>et</strong></span> <span class='ocrx_word' id='word_1_129' title='bbox 1285 1870 1370 1932; x_wconf 89' lang='lat' dir='ltr'><strong>ob</strong></span> <span class='ocrx_word' id='word_1_130' title='bbox 1422 1869 1516 1945; x_wconf 92' lang='lat' dir='ltr'><strong>id,</strong></span> <span class='ocrx_word' id='word_1_131' title='bbox 1568 1872 1823 1930; x_wconf 88' lang='lat' dir='ltr'><strong>armato</strong></span> <span class='ocrx_word' id='word_1_132' title='bbox 1874 1863 2157 1946; x_wconf 88' lang='lat' dir='ltr'><strong>Lepido,</strong></span> <span class='ocrx_word' id='word_1_133' title='bbox 2201 1883 2323 1928; x_wconf 84' lang='lat' dir='ltr'><strong>vos</strong></span> <span class='ocrx_word' id='word_1_134' title='bbox 2370 1865 2658 1928; x_wconf 88' lang='lat' dir='ltr'><strong>inermes</strong></span> 
     </span>
     <span class='ocr_line' id='line_1_17' title="bbox 448 1966 2655 2053; baseline -0.001 -22"><span class='ocrx_word' id='word_1_135' title='bbox 448 1970 706 2033; x_wconf 85' lang='lat' dir='ltr'><strong>retinet:</strong></span> <span class='ocrx_word' id='word_1_136' title='bbox 756 1991 906 2053; x_wconf 86' lang='lat' dir='ltr'><strong>quae</strong></span> <span class='ocrx_word' id='word_1_137' title='bbox 943 1972 1142 2034; x_wconf 88' lang='lat' dir='ltr'><strong>victis</strong></span> <span class='ocrx_word' id='word_1_138' title='bbox 1192 1970 1533 2033; x_wconf 86' lang='lat' dir='ltr'><strong>toleranda</strong></span> <span class='ocrx_word' id='word_1_139' title='bbox 1582 1973 1760 2045; x_wconf 89' lang='lat' dir='ltr'><strong>sunt,</strong></span> <span class='ocrx_word' id='word_1_140' title='bbox 1792 1987 1898 2045; x_wconf 86' lang='lat' dir='ltr'><strong>ea,</strong></span> <span class='ocrx_word' id='word_1_141' title='bbox 1930 1986 2083 2031; x_wconf 91' lang='lat' dir='ltr'><strong>cum</strong></span> <span class='ocrx_word' id='word_1_142' title='bbox 2110 1966 2329 2053; x_wconf 85' lang='lat' dir='ltr'><strong>facere</strong></span> <span class='ocrx_word' id='word_1_143' title='bbox 2354 1966 2655 2049; x_wconf 80' lang='lat' dir='ltr'><strong>possitiS‚</strong></span> 
     </span>
     <span class='ocr_line' id='line_1_18' title="bbox 443 2068 2657 2152; baseline 0 -21"><span class='ocrx_word' id='word_1_144' title='bbox 443 2069 796 2151; x_wconf 81' lang='lat' dir='ltr'><strong>patiamini</strong></span> <span class='ocrx_word' id='word_1_145' title='bbox 824 2072 1047 2152; x_wconf 90' lang='lat' dir='ltr'><strong>potius</strong></span> <span class='ocrx_word' id='word_1_146' title='bbox 1081 2075 1353 2133; x_wconf 81' lang='lat' dir='ltr'><strong>censet-’⁸</strong></span> <span class='ocrx_word' id='word_1_147' title='bbox 1439 2068 1549 2135; x_wconf 88' lang='lat' dir='ltr'><strong>Ita</strong></span> <span class='ocrx_word' id='word_1_148' title='bbox 1594 2069 1694 2133; x_wconf 90' lang='lat' dir='ltr'><strong>illi</strong></span> <span class='ocrx_word' id='word_1_149' title='bbox 1735 2088 1779 2131; x_wconf 86' lang='lat' dir='ltr'><strong>a</strong></span> <span class='ocrx_word' id='word_1_150' title='bbox 1820 2068 2015 2132; x_wconf 85' lang='lat' dir='ltr'><strong>vobis</strong></span> <span class='ocrx_word' id='word_1_151' title='bbox 2046 2086 2308 2149; x_wconf 86' lang='lat' dir='ltr'><strong>pacem,</strong></span> <span class='ocrx_word' id='word_1_152' title='bbox 2340 2068 2536 2131; x_wconf 88' lang='lat' dir='ltr'><strong>vobis</strong></span> <span class='ocrx_word' id='word_1_153' title='bbox 2566 2070 2657 2131; x_wconf 87' lang='lat' dir='ltr'><strong>ab</strong></span> 
     </span>
    </p>
   </div>
   <div class='ocr_carea' id='block_1_3' title="bbox 1165 300 1947 353">
    <p class='ocr_par' dir='ltr' id='par_1_3' title="bbox 1165 300 1947 353">
     <span class='ocr_line' id='line_1_19' title="bbox 1165 300 1947 353; baseline -0.006 0"><span class='ocrx_word' id='word_1_154' title='bbox 1165 305 1244 353; x_wconf 80' lang='grc' dir='ltr'><strong>Ὀ.</strong></span> <span class='ocrx_word' id='word_1_155' title='bbox 1273 304 1515 353; x_wconf 71' lang='lat' dir='ltr'><strong>ctusrl</strong></span> <span class='ocrx_word' id='word_1_156' title='bbox 1550 300 1947 353; x_wconf 70' lang='lat' dir='ltr'>SALLUSTH</span> 
     </span>
    </p>
   </div>
   <div class='ocr_carea' id='block_1_4' title="bbox 447 2267 2662 2464">
    <p class='ocr_par' dir='ltr' id='par_1_4' title="bbox 447 2267 2662 2464">
     <span class='ocr_line' id='line_1_20' title="bbox 512 2267 2659 2331; baseline 0 -14"><span class='ocrx_word' id='word_1_157' title='bbox 512 2274 539 2298; x_wconf 78' lang='lat'><strong>²⁸</strong></span> <span class='ocrx_word' id='word_1_158' title='bbox 573 2268 702 2317; x_wconf 78' lang='lat' dir='ltr'><strong>Nam</strong></span> <span class='ocrx_word' id='word_1_159' title='bbox 717 2268 986 2331; x_wconf 76' lang='lat' dir='ltr'><strong>quicumque</strong></span> <span class='ocrx_word' id='word_1_160' title='bbox 1007 2269 1125 2317; x_wconf 76' lang='lat' dir='ltr'><strong>dicit</strong></span> <span class='ocrx_word' id='word_1_161' title='bbox 1145 2284 1196 2319; x_wconf 79' lang='lat' dir='ltr'><strong>se</strong></span> <span class='ocrx_word' id='word_1_162' title='bbox 1218 2270 1367 2319; x_wconf 70' lang='lat' dir='ltr'><strong>odisse</strong></span> <span class='ocrx_word' id='word_1_163' title='bbox 1383 2269 1547 2319; x_wconf 70' lang='lat' dir='ltr'><strong>turbas</strong></span> <span class='ocrx_word' id='word_1_164' title='bbox 1566 2274 1613 2318; x_wconf 79' lang='lat' dir='ltr'><strong>et</strong></span> <span class='ocrx_word' id='word_1_165' title='bbox 1644 2271 1816 2319; x_wconf 80' lang='lat' dir='ltr'><strong>coedem</strong></span> <span class='ocrx_word' id='word_1_166' title='bbox 1836 2268 2026 2327; x_wconf 71' lang='lat' dir='ltr'><strong>civium,</strong></span> <span class='ocrx_word' id='word_1_167' title='bbox 2047 2272 2094 2316; x_wconf 74' lang='lat' dir='ltr'><strong>et</strong></span> <span class='ocrx_word' id='word_1_168' title='bbox 2111 2268 2215 2317; x_wconf 72' lang='lat' dir='ltr'><strong>ideo</strong></span> <span class='ocrx_word' id='word_1_169' title='bbox 2236 2267 2408 2318; x_wconf 74' lang='lat' dir='ltr'><strong>retinet</strong></span> <span class='ocrx_word' id='word_1_170' title='bbox 2427 2282 2507 2316; x_wconf 79' lang='lat' dir='ltr'><strong>vos</strong></span> <span class='ocrx_word' id='word_1_171' title='bbox 2528 2267 2659 2317; x_wconf 72' lang='lat' dir='ltr'><strong>iner-</strong></span> 
     </span>
     <span class='ocr_line' id='line_1_21' title="bbox 449 2331 2662 2398; baseline 0.001 -19"><span class='ocrx_word' id='word_1_172' title='bbox 449 2345 560 2394; x_wconf 76' lang='lat' dir='ltr'><strong>mes,</strong></span> <span class='ocrx_word' id='word_1_173' title='bbox 577 2332 688 2382; x_wconf 77' lang='lat' dir='ltr'><strong>dum</strong></span> <span class='ocrx_word' id='word_1_174' title='bbox 709 2332 918 2398; x_wconf 78' lang='lat' dir='ltr'><strong>Lepidus</strong></span> <span class='ocrx_word' id='word_1_175' title='bbox 934 2339 1003 2383; x_wconf 81' lang='lat' dir='ltr'><strong>est</strong></span> <span class='ocrx_word' id='word_1_176' title='bbox 1023 2339 1250 2394; x_wconf 78' lang='lat' dir='ltr'><strong>armatus,</strong></span> <span class='ocrx_word' id='word_1_177' title='bbox 1268 2336 1350 2384; x_wconf 77' lang='lat' dir='ltr'><strong>ille</strong></span> <span class='ocrx_word' id='word_1_178' title='bbox 1379 2336 1536 2398; x_wconf 77' lang='lat' dir='ltr'><strong>potius</strong></span> <span class='ocrx_word' id='word_1_179' title='bbox 1566 2339 1720 2385; x_wconf 75' lang='lat' dir='ltr'><strong>censet</strong></span> <span class='ocrx_word' id='word_1_180' title='bbox 1740 2339 1795 2383; x_wconf 76' lang='lat' dir='ltr'><strong>ut</strong></span> <span class='ocrx_word' id='word_1_181' title='bbox 1810 2331 2066 2396; x_wconf 74' lang='lat' dir='ltr'><strong>patiamini</strong></span> <span class='ocrx_word' id='word_1_182' title='bbox 2086 2347 2141 2382; x_wconf 81' lang='lat' dir='ltr'><strong>ea</strong></span> <span class='ocrx_word' id='word_1_183' title='bbox 2162 2347 2264 2396; x_wconf 80' lang='lat' dir='ltr'><strong>quae</strong></span> <span class='ocrx_word' id='word_1_184' title='bbox 2282 2337 2392 2381; x_wconf 75' lang='lat' dir='ltr'><strong>sunt</strong></span> <span class='ocrx_word' id='word_1_185' title='bbox 2412 2333 2662 2383; x_wconf 75' lang='lat' dir='ltr'><strong>toleranda</strong></span> 
     </span>
     <span class='ocr_line' id='line_1_22' title="bbox 447 2395 1407 2464; baseline 0.003 -19"><span class='ocrx_word' id='word_1_186' title='bbox 447 2395 606 2460; x_wconf 75' lang='lat' dir='ltr'><strong>victis,</strong></span> <span class='ocrx_word' id='word_1_187' title='bbox 621 2412 725 2446; x_wconf 73' lang='lat' dir='ltr'><strong>cum</strong></span> <span class='ocrx_word' id='word_1_188' title='bbox 749 2413 808 2448; x_wconf 90' lang='lat' dir='ltr'><strong>ea</strong></span> <span class='ocrx_word' id='word_1_189' title='bbox 822 2399 1018 2462; x_wconf 74' lang='lat' dir='ltr'><strong>possitis</strong></span> <span class='ocrx_word' id='word_1_190' title='bbox 1042 2398 1154 2448; x_wconf 85' lang='lat' dir='ltr'><strong>aliis</strong></span> <span class='ocrx_word' id='word_1_191' title='bbox 1172 2401 1407 2464; x_wconf 73' lang='lat' dir='ltr'><strong>infligere.</strong></span> 
     </span>
    </p>
   </div>
   <div class='ocr_carea' id='block_1_5' title="bbox 1444 2527 1657 2578">
    <p class='ocr_par' dir='ltr' id='par_1_5' title="bbox 1444 2527 1657 2578">
     <span class='ocr_line' id='line_1_23' title="bbox 1444 2527 1657 2578; baseline 0 0"><span class='ocrx_word' id='word_1_192' title='bbox 1444 2527 1657 2578; x_wconf 81' lang='lat' dir='ltr'><strong>NOTAE</strong></span> 
     </span>
    </p>
   </div>
   <div class='ocr_carea' id='block_1_6' title="bbox 513 2616 2657 2687">
    <p class='ocr_par' dir='ltr' id='par_1_6' title="bbox 513 2616 2657 2687">
     <span class='ocr_line' id='line_1_24' title="bbox 513 2616 2657 2687; baseline 0 -17"><span class='ocrx_word' id='word_1_193' title='bbox 513 2616 536 2652; x_wconf 72' lang='lat' dir='ltr'><em>t</em></span> <span class='ocrx_word' id='word_1_194' title='bbox 567 2621 636 2670; x_wconf 76' lang='lat' dir='ltr'><strong>Ut</strong></span> <span class='ocrx_word' id='word_1_195' title='bbox 657 2621 726 2684; x_wconf 78' lang='lat' dir='ltr'><strong>te]</strong></span> <span class='ocrx_word' id='word_1_196' title='bbox 791 2622 922 2671; x_wconf 87' lang='lat' dir='ltr'><strong>Cum</strong></span> <span class='ocrx_word' id='word_1_197' title='bbox 943 2623 1098 2687; x_wconf 79' lang='lat' dir='ltr'><strong>synae</strong></span> <span class='ocrx_word' id='word_1_198' title='bbox 1133 2630 1274 2686; x_wconf 80' lang='lat' dir='ltr'><strong>acta,</strong></span> <span class='ocrx_word' id='word_1_199' title='bbox 1289 2624 1511 2674; x_wconf 82' lang='lat' dir='ltr'><strong>multum</strong></span> <span class='ocrx_word' id='word_1_200' title='bbox 1656 2622 1673 2655; x_wconf 82' lang='lat'><strong>¹</strong></span> <span class='ocrx_word' id='word_1_201' title='bbox 1699 2622 1811 2685; x_wconf 72' lang='lat' dir='ltr'><strong>Ait]</strong></span> <span class='ocrx_word' id='word_1_202' title='bbox 1885 2621 2134 2684; x_wconf 78' lang='lat' dir='ltr'><strong>Quidam,</strong></span> <span class='ocrx_word' id='word_1_203' title='bbox 2187 2636 2339 2684; x_wconf 88' lang='lat' dir='ltr'><strong>quem</strong></span> <span class='ocrx_word' id='word_1_204' title='bbox 2389 2620 2657 2670; x_wconf 83' lang='lat' dir='ltr'><strong>nominare</strong></span> 
     </span>
    </p>
   </div>
   <div class='ocr_carea' id='block_1_7' title="bbox 387 2697 1513 4202">
    <p class='ocr_par' dir='ltr' id='par_1_7' title="bbox 419 2697 1513 3974">
     <span class='ocr_line' id='line_1_25' title="bbox 449 2697 1513 2763; baseline 0.003 -19"><span class='ocrx_word' id='word_1_205' title='bbox 449 2697 711 2746; x_wconf 86' lang='lat' dir='ltr'><strong>renitente</strong></span> <span class='ocrx_word' id='word_1_206' title='bbox 747 2698 994 2762; x_wconf 82' lang='lat' dir='ltr'><strong>pleraque</strong></span> <span class='ocrx_word' id='word_1_207' title='bbox 1034 2698 1326 2762; x_wconf 85' lang='lat' dir='ltr'><strong>nobilitate,</strong></span> <span class='ocrx_word' id='word_1_208' title='bbox 1360 2700 1513 2763; x_wconf 88' lang='lat' dir='ltr'><strong>Lepi-</strong></span> 
     </span>
     <span class='ocr_line' id='line_1_26' title="bbox 448 2772 1512 2838; baseline 0.005 -17"><span class='ocrx_word' id='word_1_209' title='bbox 448 2772 544 2821; x_wconf 82' lang='lat' dir='ltr'><strong>dus</strong></span> <span class='ocrx_word' id='word_1_210' title='bbox 577 2774 926 2833; x_wconf 76' lang='lat' dir='ltr'><strong>rescinderet3</strong></span> <span class='ocrx_word' id='word_1_211' title='bbox 961 2784 1298 2838; x_wconf 85' lang='lat' dir='ltr'><strong>sacramento,</strong></span> <span class='ocrx_word' id='word_1_212' title='bbox 1319 2791 1386 2826; x_wconf 90' lang='lat' dir='ltr'><strong>ne</strong></span> <span class='ocrx_word' id='word_1_213' title='bbox 1411 2779 1512 2826; x_wconf 88' lang='lat' dir='ltr'><strong>Pa-</strong></span> 
     </span>
     <span class='ocr_line' id='line_1_27' title="bbox 449 2848 1511 2915; baseline 0.006 -18"><span class='ocrx_word' id='word_1_214' title='bbox 449 2848 566 2898; x_wconf 79' lang='lat' dir='ltr'><strong>triae</strong></span> <span class='ocrx_word' id='word_1_215' title='bbox 607 2848 798 2897; x_wconf 88' lang='lat' dir='ltr'><strong>bellum</strong></span> <span class='ocrx_word' id='word_1_216' title='bbox 837 2849 1072 2914; x_wconf 85' lang='lat' dir='ltr'><strong>inferret,</strong></span> <span class='ocrx_word' id='word_1_217' title='bbox 1103 2867 1217 2902; x_wconf 89' lang='lat' dir='ltr'><strong>cum</strong></span> <span class='ocrx_word' id='word_1_218' title='bbox 1257 2853 1355 2915; x_wconf 88' lang='lat' dir='ltr'><strong>ipsi</strong></span> <span class='ocrx_word' id='word_1_219' title='bbox 1392 2867 1511 2902; x_wconf 85' lang='lat' dir='ltr'><strong>con-</strong></span> 
     </span>
     <span class='ocr_line' id='line_1_28' title="bbox 448 2923 1509 2987; baseline 0.006 -16"><span class='ocrx_word' id='word_1_220' title='bbox 448 2923 680 2972; x_wconf 86' lang='lat' dir='ltr'><strong>creditus</strong></span> <span class='ocrx_word' id='word_1_221' title='bbox 735 2930 818 2973; x_wconf 83' lang='lat' dir='ltr'><strong>est</strong></span> <span class='ocrx_word' id='word_1_222' title='bbox 869 2927 1150 2987; x_wconf 86' lang='lat' dir='ltr'><strong>exereitus,</strong></span> <span class='ocrx_word' id='word_1_223' title='bbox 1215 2941 1246 2975; x_wconf 86' lang='lat' dir='ltr'><strong>a</strong></span> <span class='ocrx_word' id='word_1_224' title='bbox 1311 2928 1509 2978; x_wconf 79' lang='lat' dir='ltr'><strong>Senatu</strong></span> 
     </span>
     <span class='ocr_line' id='line_1_29' title="bbox 449 2997 1506 3065; baseline 0.005 -18"><span class='ocrx_word' id='word_1_225' title='bbox 449 2997 664 3048; x_wconf 84' lang='lat' dir='ltr'><strong>adactus</strong></span> <span class='ocrx_word' id='word_1_226' title='bbox 687 3005 787 3049; x_wconf 88' lang='lat' dir='ltr'><strong>est.</strong></span> <span class='ocrx_word' id='word_1_227' title='bbox 840 2999 959 3051; x_wconf 84' lang='lat' dir='ltr'><strong>Jam</strong></span> <span class='ocrx_word' id='word_1_228' title='bbox 982 2999 1058 3049; x_wconf 88' lang='lat' dir='ltr'><strong>illi</strong></span> <span class='ocrx_word' id='word_1_229' title='bbox 1079 3001 1216 3050; x_wconf 84' lang='lat' dir='ltr'><strong>istud</strong></span> <span class='ocrx_word' id='word_1_230' title='bbox 1241 3001 1506 3065; x_wconf 88' lang='lat' dir='ltr'><strong>objicitur.</strong></span> 
     </span>
     <span class='ocr_line' id='line_1_30' title="bbox 425 3075 1509 3140; baseline 0.006 -18"><span class='ocrx_word' id='word_1_231' title='bbox 425 3118 432 3122; x_wconf 87' lang='lat'><strong>.</strong></span> <span class='ocrx_word' id='word_1_232' title='bbox 514 3083 540 3118; x_wconf 74' lang='lat'>8</span> <span class='ocrx_word' id='word_1_233' title='bbox 583 3075 868 3138; x_wconf 72' lang='lat' dir='ltr'><strong>Tenlabitis]</strong></span> <span class='ocrx_word' id='word_1_234' title='bbox 954 3076 1018 3126; x_wconf 87' lang='lat' dir='ltr'><strong>Id</strong></span> <span class='ocrx_word' id='word_1_235' title='bbox 1076 3084 1176 3140; x_wconf 84' lang='lat' dir='ltr'><strong>est,</strong></span> <span class='ocrx_word' id='word_1_236' title='bbox 1227 3078 1509 3129; x_wconf 76' lang='lat' dir='ltr'><strong>conabimini</strong></span> 
     </span>
     <span class='ocr_line' id='line_1_31' title="bbox 447 3151 1507 3216; baseline 0.004 -16"><span class='ocrx_word' id='word_1_237' title='bbox 447 3151 604 3200; x_wconf 72' lang='lat' dir='ltr'><strong>verbis</strong></span> <span class='ocrx_word' id='word_1_238' title='bbox 644 3166 880 3200; x_wconf 71' lang='lat' dir='ltr'><strong>armorum</strong></span> <span class='ocrx_word' id='word_1_239' title='bbox 929 3152 1024 3200; x_wconf 75' lang='lat' dir='ltr'><strong>vim</strong></span> <span class='ocrx_word' id='word_1_240' title='bbox 1075 3155 1313 3216; x_wconf 82' lang='lat' dir='ltr'><strong>repellere.</strong></span> <span class='ocrx_word' id='word_1_241' title='bbox 1401 3155 1507 3204; x_wconf 84' lang='lat' dir='ltr'><strong>Vix</strong></span> 
     </span>
     <span class='ocr_line' id='line_1_32' title="bbox 423 3226 1509 3293; baseline 0.003 -17"><span class='ocrx_word' id='word_1_242' title='bbox 423 3227 614 3290; x_wconf 64' lang='lat' dir='ltr'><strong>‚mains</strong></span> <span class='ocrx_word' id='word_1_243' title='bbox 669 3226 810 3276; x_wconf 85' lang='lat' dir='ltr'><strong>aliud</strong></span> <span class='ocrx_word' id='word_1_244' title='bbox 865 3229 1051 3277; x_wconf 85' lang='lat' dir='ltr'><strong>maium</strong></span> <span class='ocrx_word' id='word_1_245' title='bbox 1096 3228 1148 3276; x_wconf 87' lang='lat' dir='ltr'><strong>in</strong></span> <span class='ocrx_word' id='word_1_246' title='bbox 1200 3228 1509 3293; x_wconf 86' lang='lat' dir='ltr'><strong>Republica,</strong></span> 
     </span>
     <span class='ocr_line' id='line_1_33' title="bbox 449 3301 1509 3365; baseline 0.007 -16"><span class='ocrx_word' id='word_1_247' title='bbox 449 3315 604 3365; x_wconf 86' lang='lat' dir='ltr'><strong>quam</strong></span> <span class='ocrx_word' id='word_1_248' title='bbox 625 3315 741 3352; x_wconf 89' lang='lat' dir='ltr'><strong>cum</strong></span> <span class='ocrx_word' id='word_1_249' title='bbox 764 3301 874 3365; x_wconf 82' lang='lat' dir='ltr'><strong>ejus</strong></span> <span class='ocrx_word' id='word_1_250' title='bbox 910 3303 1126 3352; x_wconf 77' lang='lat' dir='ltr'><strong>habenae</strong></span> <span class='ocrx_word' id='word_1_251' title='bbox 1153 3305 1209 3353; x_wconf 90' lang='lat' dir='ltr'><strong>in</strong></span> <span class='ocrx_word' id='word_1_252' title='bbox 1231 3320 1409 3355; x_wconf 83' lang='lat' dir='ltr'><strong>manus</strong></span> <span class='ocrx_word' id='word_1_253' title='bbox 1430 3307 1509 3356; x_wconf 90' lang='lat' dir='ltr'><strong>in-</strong></span> 
     </span>
     <span class='ocr_line' id='line_1_34' title="bbox 423 3369 1509 3446; baseline 0.007 -24"><span class='ocrx_word' id='word_1_254' title='bbox 423 3374 621 3428; x_wconf 79' lang='lat' dir='ltr'><strong>,firmas</strong></span> <span class='ocrx_word' id='word_1_255' title='bbox 665 3369 986 3438; x_wconf 75' lang='lat' dir='ltr'><strong>inciderunt3</strong></span> <span class='ocrx_word' id='word_1_256' title='bbox 1033 3393 1096 3426; x_wconf 89' lang='lat' dir='ltr'><strong>eo</strong></span> <span class='ocrx_word' id='word_1_257' title='bbox 1137 3380 1273 3446; x_wconf 77' lang='lat' dir='ltr'><strong>enim</strong></span> <span class='ocrx_word' id='word_1_258' title='bbox 1311 3379 1392 3443; x_wconf 84' lang='lat' dir='ltr'><strong>fit,</strong></span> <span class='ocrx_word' id='word_1_259' title='bbox 1436 3387 1509 3445; x_wconf 88' lang='lat' dir='ltr'><strong>ut,</strong></span> 
     </span>
     <span class='ocr_line' id='line_1_35' title="bbox 449 3451 1509 3518; baseline 0.008 -19"><span class='ocrx_word' id='word_1_260' title='bbox 449 3451 538 3516; x_wconf 86' lang='lat' dir='ltr'><strong>qui</strong></span> <span class='ocrx_word' id='word_1_261' title='bbox 560 3451 746 3502; x_wconf 86' lang='lat' dir='ltr'><strong>bonum</strong></span> <span class='ocrx_word' id='word_1_262' title='bbox 785 3459 841 3502; x_wconf 90' lang='lat' dir='ltr'><strong>et</strong></span> <span class='ocrx_word' id='word_1_263' title='bbox 879 3453 1148 3504; x_wconf 83' lang='lat' dir='ltr'><strong>honestum</strong></span> <span class='ocrx_word' id='word_1_264' title='bbox 1190 3456 1330 3518; x_wconf 82' lang='lat' dir='ltr'><strong>turpi</strong></span> <span class='ocrx_word' id='word_1_265' title='bbox 1363 3457 1509 3506; x_wconf 87' lang='lat' dir='ltr'><strong>lucro</strong></span> 
     </span>
     <span class='ocr_line' id='line_1_36' title="bbox 420 3533 1508 3591; baseline 0.006 -16"><span class='ocrx_word' id='word_1_266' title='bbox 420 3533 790 3591; x_wconf 47' lang='lat' dir='ltr'><strong>anteponunt,</strong></span> <span class='ocrx_word' id='word_1_267' title='bbox 825 3543 1106 3591; x_wconf 83' lang='lat' dir='ltr'><strong>paucorum</strong></span> <span class='ocrx_word' id='word_1_268' title='bbox 1137 3533 1508 3582; x_wconf 80' lang='lat' dir='ltr'><strong>sceleratorum</strong></span> 
     </span>
     <span class='ocr_line' id='line_1_37' title="bbox 448 3601 1509 3668; baseline 0.008 -18"><span class='ocrx_word' id='word_1_269' title='bbox 448 3601 580 3652; x_wconf 80' lang='lat' dir='ltr'><strong>dolis</strong></span> <span class='ocrx_word' id='word_1_270' title='bbox 600 3607 656 3665; x_wconf 80' lang='lat' dir='ltr'><strong>et</strong></span> <span class='ocrx_word' id='word_1_271' title='bbox 677 3603 976 3654; x_wconf 78' lang='lat' dir='ltr'><strong>crudelitati</strong></span> <span class='ocrx_word' id='word_1_272' title='bbox 997 3604 1326 3668; x_wconf 84' lang='lat' dir='ltr'><strong>objiciantur.</strong></span> <span class='ocrx_word' id='word_1_273' title='bbox 1383 3608 1509 3658; x_wconf 84' lang='lat' dir='ltr'><strong>Pes-</strong></span> 
     </span>
     <span class='ocr_line' id='line_1_38' title="bbox 449 3679 1508 3748; baseline 0.002 -17"><span class='ocrx_word' id='word_1_274' title='bbox 449 3679 566 3731; x_wconf 82' lang='lat' dir='ltr'><strong>simi</strong></span> <span class='ocrx_word' id='word_1_275' title='bbox 597 3685 716 3729; x_wconf 81' lang='lat' dir='ltr'><strong>sunt</strong></span> <span class='ocrx_word' id='word_1_276' title='bbox 748 3679 846 3729; x_wconf 85' lang='lat' dir='ltr'><strong>hac</strong></span> <span class='ocrx_word' id='word_1_277' title='bbox 879 3682 933 3730; x_wconf 89' lang='lat' dir='ltr'><strong>in</strong></span> <span class='ocrx_word' id='word_1_278' title='bbox 973 3691 1142 3745; x_wconf 84' lang='lat' dir='ltr'><strong>parte,</strong></span> <span class='ocrx_word' id='word_1_279' title='bbox 1179 3698 1308 3748; x_wconf 86' lang='lat' dir='ltr'><strong>quos</strong></span> <span class='ocrx_word' id='word_1_280' title='bbox 1345 3686 1508 3734; x_wconf 82' lang='lat' dir='ltr'><strong>nostri</strong></span> 
     </span>
     <span class='ocr_line' id='line_1_39' title="bbox 421 3755 1508 3823; baseline 0.003 -15"><span class='ocrx_word' id='word_1_281' title='bbox 421 3756 591 3809; x_wconf 72' lang='grc' dir='ltr'><strong>,ὺοπω</strong></span> <span class='ocrx_word' id='word_1_282' title='bbox 623 3755 834 3806; x_wconf 65' lang='lat' dir='ltr'><strong>homines</strong></span> <span class='ocrx_word' id='word_1_283' title='bbox 866 3765 1078 3818; x_wconf 83' lang='lat' dir='ltr'><strong>vocant;</strong></span> <span class='ocrx_word' id='word_1_284' title='bbox 1114 3773 1409 3823; x_wconf 83' lang='lat' dir='ltr'><strong>quanquam</strong></span> <span class='ocrx_word' id='word_1_285' title='bbox 1447 3763 1508 3810; x_wconf 87' lang='lat' dir='ltr'><strong>il-</strong></span> 
     </span>
     <span class='ocr_line' id='line_1_40' title="bbox 419 3832 1509 3897; baseline 0.004 -14"><span class='ocrx_word' id='word_1_286' title='bbox 419 3834 612 3894; x_wconf 64' lang='lat' dir='ltr'><strong>,lornm</strong></span> <span class='ocrx_word' id='word_1_287' title='bbox 633 3832 851 3897; x_wconf 81' lang='lat' dir='ltr'><strong>quisque</strong></span> <span class='ocrx_word' id='word_1_288' title='bbox 870 3847 984 3881; x_wconf 86' lang='lat' dir='ltr'><strong>eam</strong></span> <span class='ocrx_word' id='word_1_289' title='bbox 1008 3833 1211 3885; x_wconf 85' lang='lat' dir='ltr'><strong>laudem</strong></span> <span class='ocrx_word' id='word_1_290' title='bbox 1244 3836 1509 3887; x_wconf 78' lang='lat' dir='ltr'><strong>salutatio-</strong></span> 
     </span>
     <span class='ocr_line' id='line_1_41' title="bbox 445 3908 1440 3974; baseline 0.005 -16"><span class='ocrx_word' id='word_1_291' title='bbox 445 3909 601 3960; x_wconf 83' lang='lat' dir='ltr'><strong>nibus</strong></span> <span class='ocrx_word' id='word_1_292' title='bbox 621 3914 676 3959; x_wconf 90' lang='lat' dir='ltr'><strong>et</strong></span> <span class='ocrx_word' id='word_1_293' title='bbox 697 3908 1112 3973; x_wconf 84' lang='lat' dir='ltr'><strong>prensationibus</strong></span> <span class='ocrx_word' id='word_1_294' title='bbox 1134 3917 1440 3974; x_wconf 80' lang='lat' dir='ltr'><strong>aucupetur.</strong></span> 
     </span>
    </p>

    <p class='ocr_par' dir='ltr' id='par_1_8' title="bbox 387 3984 1508 4202">
     <span class='ocr_line' id='line_1_42' title="bbox 510 3984 1508 4050; baseline 0.004 -15"><span class='ocrx_word' id='word_1_295' title='bbox 510 3984 538 4019; x_wconf 76' lang='lat'><strong>¹¹</strong></span> <span class='ocrx_word' id='word_1_296' title='bbox 567 3985 796 4048; x_wconf 73' lang='lat' dir='ltr'><strong>Legatos]</strong></span> <span class='ocrx_word' id='word_1_297' title='bbox 881 3985 984 4038; x_wconf 81' lang='lat' dir='ltr'><strong>Qui</strong></span> <span class='ocrx_word' id='word_1_298' title='bbox 1031 3985 1216 4050; x_wconf 84' lang='lat' dir='ltr'><strong>Lepidi</strong></span> <span class='ocrx_word' id='word_1_299' title='bbox 1259 3986 1508 4038; x_wconf 81' lang='lat' dir='ltr'><strong>ferociam</strong></span> 
     </span>
     <span class='ocr_line' id='line_1_43' title="bbox 447 4056 1507 4130; baseline 0.006 -19"><span class='ocrx_word' id='word_1_300' title='bbox 447 4056 738 4126; x_wconf 76' lang='lat' dir='ltr'><strong>mulceant3</strong></span> <span class='ocrx_word' id='word_1_301' title='bbox 771 4077 890 4114; x_wconf 87' lang='lat' dir='ltr'><strong>cum</strong></span> <span class='ocrx_word' id='word_1_302' title='bbox 931 4063 1102 4128; x_wconf 77' lang='lat' dir='ltr'><strong>potius</strong></span> <span class='ocrx_word' id='word_1_303' title='bbox 1139 4077 1206 4114; x_wconf 82' lang='lat' dir='ltr'><strong>ea</strong></span> <span class='ocrx_word' id='word_1_304' title='bbox 1247 4079 1306 4114; x_wconf 88' lang='lat' dir='ltr'><strong>re</strong></span> <span class='ocrx_word' id='word_1_305' title='bbox 1343 4067 1507 4130; x_wconf 81' lang='lat' dir='ltr'><strong>magis</strong></span> 
     </span>
     <span class='ocr_line' id='line_1_44' title="bbox 387 4145 714 4202; baseline 0.021 -20"><span class='ocrx_word' id='word_1_306' title='bbox 387 4175 394 4182; x_wconf 81' lang='grc'><strong><em>,</em></strong></span> <span class='ocrx_word' id='word_1_307' title='bbox 448 4145 714 4202; x_wconf 74' lang='lat' dir='ltr'><strong>augeatur.</strong></span> 
     </span>
    </p>
   </div>
   <div class='ocr_carea' id='block_1_8' title="bbox 1588 2697 2657 3373">
    <p class='ocr_par' dir='ltr' id='par_1_9' title="bbox 1588 2697 2657 3373">
     <span class='ocr_line' id='line_1_45' title="bbox 1590 2697 2657 2762; baseline -0.002 -14"><span class='ocrx_word' id='word_1_308' title='bbox 1590 2699 1835 2762; x_wconf 85' lang='lat' dir='ltr'><strong>prohibet</strong></span> <span class='ocrx_word' id='word_1_309' title='bbox 1872 2699 1971 2748; x_wconf 87' lang='lat' dir='ltr'><strong>viri</strong></span> <span class='ocrx_word' id='word_1_310' title='bbox 2010 2698 2077 2746; x_wconf 87' lang='lat' dir='ltr'><strong>de</strong></span> <span class='ocrx_word' id='word_1_311' title='bbox 2126 2697 2273 2746; x_wconf 87' lang='lat' dir='ltr'><strong>bonis</strong></span> <span class='ocrx_word' id='word_1_312' title='bbox 2323 2697 2487 2747; x_wconf 85' lang='lat' dir='ltr'><strong>literis</strong></span> <span class='ocrx_word' id='word_1_313' title='bbox 2520 2697 2657 2746; x_wconf 86' lang='lat' dir='ltr'><strong>bene</strong></span> 
     </span>
     <span class='ocr_line' id='line_1_46' title="bbox 1589 2774 2655 2838; baseline 0 -16"><span class='ocrx_word' id='word_1_314' title='bbox 1589 2775 1783 2836; x_wconf 87' lang='lat' dir='ltr'><strong>meriti,</strong></span> <span class='ocrx_word' id='word_1_315' title='bbox 1800 2774 2075 2838; x_wconf 80' lang='lat' dir='ltr'><strong>elegantia,</strong></span> <span class='ocrx_word' id='word_1_316' title='bbox 2086 2775 2363 2824; x_wconf 85' lang='lat' dir='ltr'><strong>lectionem</strong></span> <span class='ocrx_word' id='word_1_317' title='bbox 2384 2778 2655 2837; x_wconf 84' lang='lat' dir='ltr'><strong>receptam</strong></span> 
     </span>
     <span class='ocr_line' id='line_1_47' title="bbox 1588 2849 2657 2911; baseline -0.002 -11"><span class='ocrx_word' id='word_1_318' title='bbox 1588 2865 1701 2900; x_wconf 81' lang='lat' dir='ltr'><strong>esse</strong></span> <span class='ocrx_word' id='word_1_319' title='bbox 1724 2849 1946 2911; x_wconf 73' lang='lat' dir='ltr'><strong>fatetur-3</strong></span> <span class='ocrx_word' id='word_1_320' title='bbox 1981 2850 2073 2900; x_wconf 86' lang='lat' dir='ltr'><strong>sed</strong></span> <span class='ocrx_word' id='word_1_321' title='bbox 2112 2864 2285 2900; x_wconf 87' lang='lat' dir='ltr'><strong>secum</strong></span> <span class='ocrx_word' id='word_1_322' title='bbox 2318 2855 2375 2899; x_wconf 90' lang='lat' dir='ltr'><strong>et</strong></span> <span class='ocrx_word' id='word_1_323' title='bbox 2406 2863 2523 2898; x_wconf 81' lang='lat' dir='ltr'><strong>cum</strong></span> <span class='ocrx_word' id='word_1_324' title='bbox 2544 2849 2657 2898; x_wconf 86' lang='lat' dir='ltr'><strong>Sal-</strong></span> 
     </span>
     <span class='ocr_line' id='line_1_48' title="bbox 1588 2926 2655 2990; baseline 0.002 -16"><span class='ocrx_word' id='word_1_325' title='bbox 1588 2926 1807 2975; x_wconf 86' lang='lat' dir='ltr'><strong>lustiana</strong></span> <span class='ocrx_word' id='word_1_326' title='bbox 1852 2927 2113 2989; x_wconf 75' lang='lat' dir='ltr'><strong>elegantia</strong></span> <span class='ocrx_word' id='word_1_327' title='bbox 2156 2940 2389 2990; x_wconf 82' lang='lat' dir='ltr'><strong>pugnare</strong></span> <span class='ocrx_word' id='word_1_328' title='bbox 2434 2932 2655 2976; x_wconf 83' lang='lat' dir='ltr'><strong>conteu-</strong></span> 
     </span>
     <span class='ocr_line' id='line_1_49' title="bbox 1588 3001 2656 3054; baseline 0.002 -4"><span class='ocrx_word' id='word_1_329' title='bbox 1588 3001 1695 3050; x_wconf 82' lang='lat' dir='ltr'><strong>dit:</strong></span> <span class='ocrx_word' id='word_1_330' title='bbox 1730 3002 1933 3050; x_wconf 88' lang='lat' dir='ltr'><strong>numeri</strong></span> <span class='ocrx_word' id='word_1_331' title='bbox 1969 3002 2221 3050; x_wconf 81' lang='lat' dir='ltr'><strong>rationem</strong></span> <span class='ocrx_word' id='word_1_332' title='bbox 2253 3003 2305 3050; x_wconf 89' lang='lat' dir='ltr'><strong>in</strong></span> <span class='ocrx_word' id='word_1_333' title='bbox 2340 3001 2517 3051; x_wconf 85' lang='lat' dir='ltr'><strong>verbis</strong></span> <span class='ocrx_word' id='word_1_334' title='bbox 2552 3001 2656 3054; x_wconf 75' lang='lat' dir='ltr'><strong>illis</strong></span> 
     </span>
     <span class='ocr_line' id='line_1_50' title="bbox 1588 3077 2657 3141; baseline 0.001 -14"><span class='ocrx_word' id='word_1_335' title='bbox 1588 3077 1772 3140; x_wconf 85' lang='lat' dir='ltr'><strong>tribus,</strong></span> <span class='ocrx_word' id='word_1_336' title='bbox 1793 3077 1885 3140; x_wconf 76' lang='lat' dir='ltr'><strong>ait,</strong></span> <span class='ocrx_word' id='word_1_337' title='bbox 1902 3077 2098 3139; x_wconf 75' lang='lat' dir='ltr'><strong>retinet,</strong></span> <span class='ocrx_word' id='word_1_338' title='bbox 2120 3082 2294 3140; x_wconf 73' lang='lat' dir='ltr'><strong>censet,</strong></span> <span class='ocrx_word' id='word_1_339' title='bbox 2326 3091 2601 3141; x_wconf 82' lang='lat' dir='ltr'><strong>perperam</strong></span> <span class='ocrx_word' id='word_1_340' title='bbox 2622 3091 2657 3128; x_wconf 82' lang='lat' dir='ltr'><strong>a</strong></span> 
     </span>
     <span class='ocr_line' id='line_1_51' title="bbox 1591 3153 2653 3217; baseline 0.004 -15"><span class='ocrx_word' id='word_1_341' title='bbox 1591 3153 1761 3203; x_wconf 86' lang='lat' dir='ltr'><strong>sciolis</strong></span> <span class='ocrx_word' id='word_1_342' title='bbox 1804 3154 2075 3217; x_wconf 81' lang='lat' dir='ltr'><strong>inversam,</strong></span> <span class='ocrx_word' id='word_1_343' title='bbox 2111 3160 2167 3202; x_wconf 89' lang='lat' dir='ltr'><strong>et</strong></span> <span class='ocrx_word' id='word_1_344' title='bbox 2209 3155 2397 3216; x_wconf 84' lang='lat' dir='ltr'><strong>locum,</strong></span> <span class='ocrx_word' id='word_1_345' title='bbox 2433 3155 2517 3204; x_wconf 83' lang='lat' dir='ltr'><strong>vel</strong></span> <span class='ocrx_word' id='word_1_346' title='bbox 2558 3169 2653 3206; x_wconf 84' lang='lat' dir='ltr'><strong>suo</strong></span> 
     </span>
     <span class='ocr_line' id='line_1_52' title="bbox 1589 3233 2653 3297; baseline 0.002 -15"><span class='ocrx_word' id='word_1_347' title='bbox 1589 3233 1839 3296; x_wconf 84' lang='lat' dir='ltr'><strong>periculo,</strong></span> <span class='ocrx_word' id='word_1_348' title='bbox 1864 3233 2225 3296; x_wconf 82' lang='lat' dir='ltr'><strong>castigandum</strong></span> <span class='ocrx_word' id='word_1_349' title='bbox 2262 3248 2397 3297; x_wconf 80' lang='lat' dir='ltr'><strong>esse,</strong></span> <span class='ocrx_word' id='word_1_350' title='bbox 2424 3233 2653 3286; x_wconf 83' lang='lat' dir='ltr'><strong>fidenter</strong></span> 
     </span>
     <span class='ocr_line' id='line_1_53' title="bbox 1588 3309 2653 3373; baseline 0.004 -15"><span class='ocrx_word' id='word_1_351' title='bbox 1588 3310 1915 3373; x_wconf 80' lang='lat' dir='ltr'><strong>pronuntiat:</strong></span> <span class='ocrx_word' id='word_1_352' title='bbox 1964 3309 2155 3360; x_wconf 86' lang='lat' dir='ltr'><strong>deinde</strong></span> <span class='ocrx_word' id='word_1_353' title='bbox 2210 3326 2242 3360; x_wconf 85' lang='lat' dir='ltr'><strong>a</strong></span> <span class='ocrx_word' id='word_1_354' title='bbox 2284 3318 2407 3360; x_wconf 83' lang='lat' dir='ltr'><strong>nato</strong></span> <span class='ocrx_word' id='word_1_355' title='bbox 2442 3313 2653 3362; x_wconf 84' lang='lat' dir='ltr'><strong>nemine</strong></span> 
     </span>
    </p>
   </div>
   <div class='ocr_carea' id='block_1_9' title="bbox 1570 3386 2657 3450">
    <p class='ocr_par' dir='ltr' id='par_1_10' title="bbox 1570 3386 2657 3450">
     <span class='ocr_line' id='line_1_54' title="bbox 1570 3386 2657 3450; baseline 0.006 -20"><span class='ocrx_word' id='word_1_356' title='bbox 1570 3400 1753 3450; x_wconf 76' lang='lat' dir='ltr'><strong>usque</strong></span> <span class='ocrx_word' id='word_1_357' title='bbox 1776 3386 1943 3436; x_wconf 83' lang='lat' dir='ltr'><strong>adhue</strong></span> <span class='ocrx_word' id='word_1_358' title='bbox 1980 3386 2392 3436; x_wconf 78' lang='lat' dir='ltr'><strong>animadversum</strong></span> <span class='ocrx_word' id='word_1_359' title='bbox 2432 3387 2657 3437; x_wconf 82' lang='lat' dir='ltr'><strong>demira-</strong></span> 
     </span>
    </p>
   </div>
   <div class='ocr_carea' id='block_1_10' title="bbox 1587 3462 2655 3983">
    <p class='ocr_par' dir='ltr' id='par_1_11' title="bbox 1587 3462 2655 3983">
     <span class='ocr_line' id='line_1_55' title="bbox 1589 3462 2653 3528; baseline 0.002 -16"><span class='ocrx_word' id='word_1_360' title='bbox 1589 3469 1677 3512; x_wconf 88' lang='lat' dir='ltr'><strong>tur</strong></span> <span class='ocrx_word' id='word_1_361' title='bbox 1708 3462 1855 3524; x_wconf 79' lang='lat' dir='ltr'><strong>illud,</strong></span> <span class='ocrx_word' id='word_1_362' title='bbox 1874 3463 1983 3512; x_wconf 83' lang='lat' dir='ltr'><strong>sine</strong></span> <span class='ocrx_word' id='word_1_363' title='bbox 2004 3476 2106 3526; x_wconf 86' lang='lat' dir='ltr'><strong>quo</strong></span> <span class='ocrx_word' id='word_1_364' title='bbox 2134 3462 2232 3512; x_wconf 87' lang='lat' dir='ltr'><strong>sibi</strong></span> <span class='ocrx_word' id='word_1_365' title='bbox 2268 3463 2357 3512; x_wconf 80' lang='lat' dir='ltr'><strong>alii</strong></span> <span class='ocrx_word' id='word_1_366' title='bbox 2394 3464 2653 3528; x_wconf 73' lang='lat' dir='ltr'><strong>quomodo</strong></span> 
     </span>
     <span class='ocr_line' id='line_1_56' title="bbox 1589 3532 2651 3604; baseline 0.003 -18"><span class='ocrx_word' id='word_1_367' title='bbox 1589 3535 1953 3598; x_wconf 77' lang='lat' dir='ltr'><strong>satisfecerint,</strong></span> <span class='ocrx_word' id='word_1_368' title='bbox 1992 3537 2193 3588; x_wconf 82' lang='lat' dir='ltr'><strong>nescit:</strong></span> <span class='ocrx_word' id='word_1_369' title='bbox 2246 3538 2469 3602; x_wconf 84' lang='lat' dir='ltr'><strong>denique</strong></span> <span class='ocrx_word' id='word_1_370' title='bbox 2506 3532 2651 3604; x_wconf 73' lang='lat' dir='ltr'><strong>rhag-</strong></span> 
     </span>
     <span class='ocr_line' id='line_1_57' title="bbox 1588 3607 2653 3680; baseline 0.004 -18"><span class='ocrx_word' id='word_1_371' title='bbox 1588 3612 1739 3662; x_wconf 84' lang='lat' dir='ltr'><strong>nifice</strong></span> <span class='ocrx_word' id='word_1_372' title='bbox 1778 3607 1891 3662; x_wconf 72' lang='lat' dir='ltr'><strong>sese</strong></span> <span class='ocrx_word' id='word_1_373' title='bbox 1930 3612 2100 3677; x_wconf 83' lang='lat' dir='ltr'><strong>effert,</strong></span> <span class='ocrx_word' id='word_1_374' title='bbox 2132 3613 2271 3678; x_wconf 84' lang='lat' dir='ltr'><strong>quod</strong></span> <span class='ocrx_word' id='word_1_375' title='bbox 2304 3615 2519 3679; x_wconf 81' lang='lat' dir='ltr'><strong>primus,</strong></span> <span class='ocrx_word' id='word_1_376' title='bbox 2552 3629 2653 3680; x_wconf 74' lang='lat' dir='ltr'><strong>pro</strong></span> 
     </span>
     <span class='ocr_line' id='line_1_58' title="bbox 1587 3689 2654 3758; baseline 0.006 -20"><span class='ocrx_word' id='word_1_377' title='bbox 1587 3689 1679 3751; x_wconf 75' lang='lat' dir='ltr'><strong>ait,</strong></span> <span class='ocrx_word' id='word_1_378' title='bbox 1722 3691 1859 3738; x_wconf 72' lang='lat' dir='ltr'><strong>aiunt</strong></span> <span class='ocrx_word' id='word_1_379' title='bbox 1874 3707 1896 3749; x_wconf 89' lang='lat'><em>;</em></span> <span class='ocrx_word' id='word_1_380' title='bbox 1946 3705 2041 3753; x_wconf 88' lang='lat' dir='ltr'><strong>pro</strong></span> <span class='ocrx_word' id='word_1_381' title='bbox 2084 3690 2275 3753; x_wconf 72' lang='lat' dir='ltr'><strong>retinet,</strong></span> <span class='ocrx_word' id='word_1_382' title='bbox 2308 3693 2532 3758; x_wconf 72' lang='lat' dir='ltr'><strong>retinent,</strong></span> <span class='ocrx_word' id='word_1_383' title='bbox 2569 3696 2654 3756; x_wconf 57' lang='lat' dir='ltr'><strong>&amp;e-</strong></span> 
     </span>
     <span class='ocr_line' id='line_1_59' title="bbox 1590 3756 2654 3827; baseline 0.007 -15"><span class='ocrx_word' id='word_1_384' title='bbox 1590 3765 1859 3827; x_wconf 78' lang='lat' dir='ltr'><strong>legendum</strong></span> <span class='ocrx_word' id='word_1_385' title='bbox 1896 3781 2007 3814; x_wconf 86' lang='lat' dir='ltr'><strong>esse</strong></span> <span class='ocrx_word' id='word_1_386' title='bbox 2046 3756 2379 3817; x_wconf 65' lang='lat' dir='ltr'><strong>intellexerit.</strong></span> <span class='ocrx_word' id='word_1_387' title='bbox 2446 3769 2654 3820; x_wconf 76' lang='lat' dir='ltr'><strong>Funda-</strong></span> 
     </span>
     <span class='ocr_line' id='line_1_60' title="bbox 1589 3842 2651 3906; baseline 0.003 -16"><span class='ocrx_word' id='word_1_388' title='bbox 1589 3848 1820 3890; x_wconf 87' lang='lat' dir='ltr'><strong>mentum</strong></span> <span class='ocrx_word' id='word_1_389' title='bbox 1863 3842 2007 3891; x_wconf 85' lang='lat' dir='ltr'><strong>istius</strong></span> <span class='ocrx_word' id='word_1_390' title='bbox 2052 3842 2333 3905; x_wconf 72' lang='lat' dir='ltr'><strong>applausus</strong></span> <span class='ocrx_word' id='word_1_391' title='bbox 2374 3849 2476 3902; x_wconf 85' lang='lat' dir='ltr'><strong>est,</strong></span> <span class='ocrx_word' id='word_1_392' title='bbox 2509 3843 2651 3906; x_wconf 85' lang='lat' dir='ltr'><strong>quod</strong></span> 
     </span>
     <span class='ocr_line' id='line_1_61' title="bbox 1587 3916 2655 3983; baseline 0.001 -15"><span class='ocrx_word' id='word_1_393' title='bbox 1587 3916 1677 3968; x_wconf 85' lang='lat' dir='ltr'><strong>ille</strong></span> <span class='ocrx_word' id='word_1_394' title='bbox 1698 3917 1904 3980; x_wconf 82' lang='lat' dir='ltr'><strong>putavit</strong></span> <span class='ocrx_word' id='word_1_395' title='bbox 1926 3917 2219 3968; x_wconf 86' lang='lat' dir='ltr'><strong>Pronomen</strong></span> <span class='ocrx_word' id='word_1_396' title='bbox 2238 3917 2321 3980; x_wconf 73' lang='lat' dir='ltr'><strong>qui</strong></span> <span class='ocrx_word' id='word_1_397' title='bbox 2358 3931 2461 3968; x_wconf 84' lang='lat' dir='ltr'><strong>non</strong></span> <span class='ocrx_word' id='word_1_398' title='bbox 2500 3933 2655 3983; x_wconf 75' lang='lat' dir='ltr'><strong>posse</strong></span> 
     </span>
    </p>
   </div>
   <div class='ocr_carea' id='block_1_11' title="bbox 1566 3993 2655 4060">
    <p class='ocr_par' dir='ltr' id='par_1_12' title="bbox 1566 3993 2655 4060">
     <span class='ocr_line' id='line_1_62' title="bbox 1566 3993 2655 4060; baseline 0.004 -16"><span class='ocrx_word' id='word_1_399' title='bbox 1566 3996 1687 4044; x_wconf 81' lang='lat' dir='ltr'><strong>.nisi</strong></span> <span class='ocrx_word' id='word_1_400' title='bbox 1722 3995 1787 4044; x_wconf 84' lang='lat' dir='ltr'><strong>ad</strong></span> <span class='ocrx_word' id='word_1_401' title='bbox 1810 3994 2066 4058; x_wconf 84' lang='lat' dir='ltr'><strong>Lepidum</strong></span> <span class='ocrx_word' id='word_1_402' title='bbox 2098 3993 2312 4055; x_wconf 86' lang='lat' dir='ltr'><strong>referri;</strong></span> <span class='ocrx_word' id='word_1_403' title='bbox 2346 3996 2503 4059; x_wconf 80' lang='lat' dir='ltr'><strong>qnod,</strong></span> <span class='ocrx_word' id='word_1_404' title='bbox 2526 3996 2655 4060; x_wconf 70' lang='lat' dir='ltr'><strong>quia</strong></span> 
     </span>
    </p>
   </div>
   <div class='ocr_carea' id='block_1_12' title="bbox 1586 4070 2653 4214">
    <p class='ocr_par' dir='ltr' id='par_1_13' title="bbox 1586 4070 2653 4214">
     <span class='ocr_line' id='line_1_63' title="bbox 1586 4070 2653 4134; baseline 0.002 -14"><span class='ocrx_word' id='word_1_405' title='bbox 1586 4071 1858 4122; x_wconf 84' lang='lat' dir='ltr'><strong>ridiculum</strong></span> <span class='ocrx_word' id='word_1_406' title='bbox 1879 4071 2045 4122; x_wconf 79' lang='lat' dir='ltr'><strong>visum</strong></span> <span class='ocrx_word' id='word_1_407' title='bbox 2074 4077 2175 4134; x_wconf 82' lang='lat' dir='ltr'><strong>est,</strong></span> <span class='ocrx_word' id='word_1_408' title='bbox 2212 4070 2329 4122; x_wconf 82' lang='lat' dir='ltr'><strong>ideo</strong></span> <span class='ocrx_word' id='word_1_409' title='bbox 2352 4071 2407 4120; x_wconf 88' lang='lat' dir='ltr'><strong>in</strong></span> <span class='ocrx_word' id='word_1_410' title='bbox 2428 4072 2653 4124; x_wconf 72' lang='lat' dir='ltr'><strong>aliorum</strong></span> 
     </span>
     <span class='ocr_line' id='line_1_64' title="bbox 1586 4146 2652 4214; baseline 0.002 -16"><span class='ocrx_word' id='word_1_411' title='bbox 1586 4149 1749 4200; x_wconf 80' lang='lat' dir='ltr'><strong>baeret</strong></span> <span class='ocrx_word' id='word_1_412' title='bbox 1780 4147 2113 4214; x_wconf 72' lang='lat' dir='ltr'><strong>stupiditate,</strong></span> <span class='ocrx_word' id='word_1_413' title='bbox 2134 4146 2357 4212; x_wconf 78' lang='lat' dir='ltr'><strong>ipsemet</strong></span> <span class='ocrx_word' id='word_1_414' title='bbox 2392 4147 2652 4214; x_wconf 66' lang='lat' dir='ltr'><strong>stupidus,</strong></span> 
     </span>
    </p>
   </div>
  </div>
 </body>
</html>
