2930 4758
402 266 543 349 2382
1126 294 1189 341 c.
1236 294 1482 343 cmsm
1529 292 1930 345 snnnus'rn

494 444 769 530 Quippe
796 448 989 510 vasta
1018 444 1220 510 Ita-lia
1248 438 1523 529 rapinis,
1553 446 1736 529 fuga,
1767 446 2092 513 caedibuS.
2186 442 2388 510 Idem.

496 546 598 611 Hi
648 554 800 612 sunt
856 548 970 630 qui
1015 547 1377 612 secundum
1420 548 1673 631 pocula
1721 552 1788 612 et
1828 548 1998 612 alias
2041 568 2152 613 res
2195 568 2435 615 aureas
2466 548 2624 617 Diis

408 654 673 715 sacrata
716 650 1145 715 instrumenta
1188 652 1494 717 convivio
1535 656 1925 717 mereantur.
2045 649 2088 693 ⁴*
2121 648 2298 713 Idem
2344 648 2436 715 ad
2466 650 2623 717 AEn.

416 768 581 815 vm.

495 854 577 919 In
605 855 895 920 secunda
938 856 1219 921 festinas
1248 854 1553 920 cohortes
1583 862 2072 939 composuerat.
2164 854 2338 921 Idem
2383 854 2471 919 ad
2511 871 2624 920 ix.

497 956 545 1021 J
548 977 657 1023 am
686 964 953 1042 repente
978 959 1169 1024 visus
1199 959 1436 1025 saevire
1464 958 1759 1039 Taguns.
1853 955 2027 1021 Idem
2057 956 2146 1021 ad
2171 976 2250 1024 x.

495 1058 767 1125 Exuant
800 1064 1003 1126 armis
1032 1063 1373 1145 equisque.
1469 1058 1669 1127 Idem.

498 1160 699 1227 Solas
728 1163 1072 1232 festinare.
1146 1160 1341 1226 Idem.

492 1264 862 1329 Lusitaniae
904 1250 1171 1346 gravem
1202 1261 1565 1330 civitatem.
1643 1264 1843 1329 Idem.
1915 1309 1930 1327 .

495 1364 607 1431 Ex
630 1371 817 1449 parte
844 1367 1211 1433 cohortium
1237 1364 1599 1454 praecipere
1627 1368 1968 1449 instructa,
2009 1376 2078 1437 et
2103 1367 2412 1435 stationes
2437 1368 2625 1434 loca-

406 1473 499 1535 tae
524 1486 652 1551 pro
678 1470 935 1533 castris,
1032 1466 1227 1532 Idem.

496 1570 759 1636 Bellum
790 1571 1033 1653 quibus
1052 1577 1279 1655 posset
1306 1571 1794 1638 conditionibus
1817 1573 2164 1640 desineret.
2255 1571 2447 1637 Idem.
2527 1596 2534 1603 ·

495 1671 579 1737 In
632 1674 781 1757 quis
828 1673 1209 1755 longissimo
1255 1694 1404 1739 aevo
1451 1676 1646 1760 plura
1673 1674 1758 1739 de
1785 1676 1982 1739 bonis
2011 1676 2183 1742 falsa
2223 1676 2292 1741 in
2336 1674 2626 1775 deterius

409 1775 808 1859 composuit.
902 1774 1099 1839 Idem.

495 1875 698 1973 Cultu
728 1878 1029 1960 corporis
1060 1886 1293 1946 ornata
1320 1881 1600 1963 egregio.
1699 1877 1902 1946 Idem:

493 1974 593 2042 At
621 1975 951 2043 Sertorius
979 2000 1236 2045 vacuus
1256 1984 1492 2065 hyeme
1516 2000 1752 2064 augere
1781 1984 2037 2066 copias.
2085 1980 2310 2045 Acro
2285 2002 2354 2045 m
2385 1978 2627 2047 Horat.

486 2078 618 2143 ›Sin
644 2076 749 2144 vis
780 2081 1082 2160 obsistat,
1115 2082 1285 2146 ferro
1332 2100 1533 2166 quam
1560 2081 1735 2147 fame
1765 2084 2026 2167 aequius
2053 2086 2400 2167 perituros.
2441 2082 2624 2150 Serv.

494 2178 861 2248 Consedit
843 2202 912 2245 m
929 2184 1106 2247 valle
1134 2184 1422 2265 virgulta
1449 2202 1953 2269 nemorosaque.
2046 2182 2087 2247 1
2091 2182 2248 2251 dem.

496 2282 855 2349 Paululum
894 2286 1208 2369 requietis
1250 2285 1598 2349 militibus.
1687 2284 1884 2349 Idem.

495 2385 637 2466 Qui
683 2388 865 2452 nullo
902 2395 1087 2454 certo
1117 2389 1327 2462 exilio
1356 2390 1787 2472 vagabantur.
1878 2387 2073 2456 Idem.

496 2477 735 2555 Nubes
764 2489 1105 2556 foedavere
1132 2493 1372 2556 lumen.
1464 2489 1660 2557 Idem.

497 2590 788 2656 Sanctus
818 2593 972 2658 alia.
1064 2591 1266 2682 Idem.

496 2691 808 2776 Geronis.
902 2692 1099 2761 Idem.

496 2793 676 2873 Quae
706 2816 913 2860 causa
939 2796 1151 2864 fuerat
1177 2800 1506 2866 novandis
1533 2800 1756 2865 rebus.
1847 2797 2045 2866 Idem.

498 2895 827 2962 Radicem
857 2898 1103 2962 montis
1130 2901 1445 2967 excessit.
1490 2888 1492 2890 ’
1538 2898 1741 2964 Statii
1761 2900 2077 2988 interpres.

493 2997 591 3063 Ut
618 3017 723 3063 res
748 2999 963 3082 magis
991 3019 1195 3084 quam
1223 3005 1427 3068 verba
1475 3009 1859 3088 gererentur,
1901 3005 2148 3072 liberos
2175 3011 2636 3092 parentesque

408 3103 474 3166 in
498 3101 711 3166 muris
738 3102 1144 3168 locaverant.
1172 3113 1177 3118 ’
1237 3102 1437 3168 Idem.

494 3203 758 3268 Incerta
784 3203 1223 3270 estfortitudo
1250 3206 1402 3271 dum
1428 3208 1693 3291 pendet.
1783 3206 1981 3273 Idem.

494 3304 577 3369 In
610 3306 854 3390 quibus
875 3307 1179 3391 plaustra
1200 3309 1395 3390 sedes
1424 3316 1598 3376 sunt.
1685 3309 1854 3374 Acro
1884 3309 1971 3374 ad
1994 3309 2230 3376 Horat.

495 3405 695 3470 Luxo
724 3409 917 3490 pede.
1013 3407 1281 3474 Probus.

498 3505 857 3592 Maurique
913 3531 1156 3576 vanum
1208 3536 1435 3598 genuS,
1499 3522 1576 3581 ut
1623 3516 1759 3581 alia
1809 3515 2084 3596 Africae,
2144 3517 2626 3585 contendebant

409 3606 791 3695 Antipodas
820 3612 993 3677 ultra
1020 3615 1431 3702 AEthiopiam
1461 3619 1644 3684 cultu
1695 3617 2046 3685 Persarum
2077 3619 2303 3705 justos
2347 3625 2415 3686 et
2438 3641 2623 3704 >egre-

407 3713 557 3798 gios
587 3731 805 3796 agere.
900 3711 1105 3779 Prisc.

496 3814 585 3882 Et
612 3815 1037 3899 Perpennam
1063 3816 1234 3883 forte
1256 3824 1601 3904 cognoscit
1624 3824 1826 3890 mulio
1853 3801 2262 3890 redemtoris.
2349 3823 2523 3887 Acro
2551 3823 2624 3889 iu

412 3912 653 3981 Horat.

496 4017 809 4083 Omnium
840 4019 1181 4084 fluminum
1210 4041 1365 4106 quae
1396 4023 1464 4090 in
1513 4027 1744 4106 maria,
1797 4045 1952 4112 quae
1980 4026 2336 4110 imperium
2366 4025 2623 4091 Roma-

407 4135 570 4185 num
610 4123 739 4198 cst,
771 4119 1002 4201 fluunt,
1060 4142 1260 4208 quam
1302 4123 1532 4196 Graeci
1586 4130 1683 4208 τὴν
1727 4124 1860 4194 εἴσω
1903 4128 2223 4194 θάλασσαν
2253 4129 2620 4215 appellant,
