2930 4758
1135 279 1559 335 santusru.
2356 261 2443 329 1³5

246 447 400 500 esse
449 427 538 493 ad
587 425 1132 503 caesaoem,·cum
1176 425 1248 488 in
1300 423 1675 507 Hispanias
1722 426 1951 486 contra
1998 421 2329 487 Petreium
2377 427 2447 488 et

244 529 593 595 Afranium
617 529 1147 612 proficisceretur
1162 549 1184 590 :-
1226 524 1775 610 quemadmodum
1810 522 2206 610 jamdudum
2244 523 2453 596 ciac-a

245 613 480 695 conius
513 631 944 718 pbservavit-
1017 629 1154 694 Illa
1188 647 1348 693 vero
1391 630 1463 692 in
1508 627 1900 692 Ciceronem
1950 627 2205 704 oratio,
2235 629 2359 690 etsi
2404 647 2451 690 a

247 721 462 797 Fabio
483 751 758 816 quoque
785 739 1100 815 tanquam
1131 731 1430 796 Sallustii
1459 730 1761 796 laudetur
1780 751 1815 794 :-
1842 735 2080 806 tamen,
2115 727 2297 812 qnod
2336 749 2445 802 res

241 833 517 911 indicat,
543 819 804 900 omnino
831 838 932 897 est
974 832 1260 916 alicujus
1299 833 1788 896 declamatoris:
1833 832 2034 894 credo
2064 831 2289 896 Porcii
2315 830 2464 896 Lar-
2502 907 2515 920 ι

124 958 135 964 ·
239 936 474 1016 troniS,
499 937 608 999 vel
637 936 907 1018 alterius
935 935 1227 1018 alicujus
1249 955 1340 999 ex
1361 935 1708 1019 illis,..quos
1734 933 2161 999 nominativis.
2192 935 2457 1001 Seneca.

240 1037 312 1099 in
338 1037 795 1116 Suasoriis,.et
824 1035 1351 1111 Controversiis..
1427 1037 1663 1100 Fidem
1698 1037 1843 1121 ejus
1873 1037 2066 1101 valde
2115 1055 2461 1106 commen·-

244 1137 404 1204 dant
433 1140 711 1222 antiqui.
802 1137 986 1202 Nam
1029 1139 1477 1204 ‘certissimus
1522 1137 1771 1202 auctor'
1818 1137 2056 1202 dicitur
2087 1137 2287 1202 Vibio
2328 1137 2451 1202 Se-

243 1240 492 1320 questri
539 1241 622 1304 de
675 1239 1112 1304 Fluminibus.
1229 1240 1402 1307 Item
1453 1239 1865 1324 Hieronymo
1917 1240 2090 1305 libro
2142 1240 2228 1304 de
2273 1239 2447 1305 locis

245 1338 632 1418 Hebraicis,
663 1347 728 1404 et
763 1339 1006 1404 exinde
1036 1327 1303 1409 Isidoro
1341 1359 1513 1406 xm.
1564 1341 1673 1406 21.
1761 1340 2018 1406 Adhaec
2048 1341 2449 1406 ‘nobilitatae

241 1441 542 1526 veritatis
575 1441 992 1506 Historicus'‘
1025 1447 1438 1524 nuncupatur
1480 1443 1569 1507 ab
1620 1441 2009 1525 Augustino·
2030 1441 2133 1516 de,
2159 1439 2448 1506 Civitate

246 1539 405 1620 Dei,
459 1561 505 1606 1.
550 1545 617 1608 5.
706 1541 1006 1608 Avienus
1051 1545 1246 1608 etiam
1284 1545 1352 1608 in
1401 1544 1851 1626 descriptione
1896 1563 2035 1608 orae
2074 1544 2449 1622 maritimae,

245 1643 408 1708 dicit
435 1647 666 1710 omnia
685 1645 870 1709 illius
897 1644 1082 1708 dicta
1109 1664 1256 1708 esse
1300 1643 1793 1728 ‘praejudicatae
1842 1645 2293 1723 auotoritafisy,
2315 1655 2451 1730 'ap-

243 1745 447 1828 pellat
493 1766 757 1831 quoque
826 1751 846 1781 ‘
867 1765 1328 1831 expressorem-
1377 1745 1717 1810 efficacem
1760 1746 1943 1830 styli,
1994 1753 2063 1811 et
2107 1745 2450 1811 veritati&

248 1845 610 1932 objectant
636 1849 956 1914 adversus
999 1869 1092 1916 ea.
1127 1848 1370 1930 aliqui„
1407 1847 1612 1932 quod,
1658 1864 1891 1930 pravo—³
1906 1847 2195 1930 loliginis
2222 1867 2449 1927 succo,

243 1949 561 2034 pleraque
601 1950 688 2014 ad
733 1949 1074 2014 Ciceronis
1103 1949 1370 2028 laudem
1397 1949 1809 2032 pertinentia,
1860 1969 2015 2033 quae
2060 1949 2245 2032 apud
2276 1950 2451 2015 alios
2480 1961 2490 1966 ’

245 2050 462 2134 legere
489 2053 598 2130 sit,
629 2051 1036 2135 praeterierit.
1121 2049 1374 2114 Verum
1417 2069 1503 2114 ea
1533 2051 1761 2136 potius
1787 2051 2164 2132 neglexisse
2192 2069 2451 2134 egeat·-

246 2152 476 2230 bitror,
505 2154 613 2217 vel
659 2159 733 2217 ut
777 2153 970 2230 falsa,
999 2152 1108 2217 vel
1133 2156 1214 2215 ut
1257 2152 1509 2216 incerta
1554 2151 1779 2234 plane,
1808 2153 1919 2216 vel
1962 2157 2037 2216 ut
2078 2153 2331 2234 exigua.
2368 2171 2455 2216 ao

247 2253 524 2317 minuta.
593 2253 794 2332 Quod
825 2252 911 2317 ad
937 2253 1294 2318 dictionem
1322 2252 1627 2317 Sallustii
1657 2254 1903 2331 attinet,
1936 2273 2163 2317 omnes
2192 2254 2451 2338 antiqui

237 2352 566 2436 judicant,
580 2355 846 2419 brevem
875 2373 956 2417 ac
977 2372 1330 2418 nervosam
1353 2360 1611 2431 esse‚,et
1636 2353 2087 2438 Thucydideae
2118 2355 2448 2423 aemulam.

248 2455 425 2523 Sane
443 2460 722 2540 scriptor
738 2462 842 2520 est
859 2458 1056 2539 plane
1064 2455 1359 2532 Atticus,
1373 2476 1507 2539 qua
1520 2455 1716 2521 laude
1730 2457 2161 2521 Demostheni
2178 2457 2451 2540 propior

247 2564 370 2634 est,
381 2578 582 2641 quam
598 2555 834 2621 Cicero
851 2558 1028 2640 ipse:
1051 2562 1126 2619 ut
1141 2559 1308 2619 bene
1331 2562 1555 2619 censet
1574 2557 1923 2620 Turnebus
1942 2558 2011 2621 in
2029 2554 2450 2623 Adversariis

247 2660 413 2723 suis.
451 2658 586 2722 Sed
605 2663 680 2721 ut
693 2657 1150 2741 Thucydidem
1167 2676 1300 2721 non
1319 2676 1543 2721 omnes
1561 2660 1941 2741 probarunt,
1954 2658 2051 2725 ita
2066 2678 2187 2723 nec
2200 2659 2451 2726 Sallus-

249 2760 324 2823 tii
343 2759 552 2823 dictio
572 2760 876 2823 omnibus
895 2760 1323 2842 probabatur.
1371 2758 1550 2823 Nam
1568 2758 1844 2825 Asinius
1855 2761 2074 2825 Pollio
2091 2762 2453 2827 damnabat

245 2880 420 2939 eam,
449 2868 760 2943 tanquam
787 2854 1161 2939 obscuram,
1202 2868 1268 2925 et
1309 2864 1378 2927 in
1417 2862 1950 2926 translationibus
1978 2864 2331 2928 audacem:
2376 2868 2452 2928 ut

247 2962 672 3045 Tranquillus
700 2968 929 3027 auctor
957 2969 1060 3028 est
1083 2965 1200 3029 lib.
1245 2962 1329 3030 de
1356 2963 1557 3026 claris
1594 2962 2065 3028 Grammaticis
2110 2964 2179 3041 in
2226 2964 2453 3029 Philo-

249 3064 386 3145 logi
430 3064 592 3129 vita.
698 3054 1010 3146 Inprimis
1059 3084 1220 3129 vero
1265 3064 1652 3147 reprehendi
1702 3066 1892 3141 solet,
1943 3064 2118 3147 quod
2170 3065 2453 3147 antiqua

249 3166 454 3229 verba
479 3184 566 3228 ex
597 3164 874 3229 Catonis
906 3166 1288 3247 Originibus
1317 3171 1729 3248 excerperet:
1775 3167 1962 3249 cujus
1988 3168 2082 3230 rei
2102 3166 2453 3231 meminere

249 3262 597 3347 Augustus
627 3266 807 3349 apud
847 3267 1314 3349 Tranquillum
1359 3268 1428 3329 in
1472 3266 1697 3349 ejusce
1728 3266 2019 3332 Caesaris
2047 3268 2206 3346 vita,
2246 3268 2451 3332 idem-

251 3386 382 3450 que
409 3366 832 3450 Tranquillus
860 3368 974 3431 lib.
1005 3367 1089 3431 de
1119 3368 1312 3430 claris
1341 3366 1811 3431 Grammaticis
1836 3367 1904 3430 in
1930 3368 2072 3431 vita
2106 3368 2356 3449 Lenaei,
2387 3374 2453 3435 et

253 3467 502 3531 Fabius
529 3488 617 3530 ex
647 3468 922 3551 antiquo
951 3469 1416 3551 epigrammate
1445 3484 1608 3535 vm.
1638 3470 1702 3531 3.
1792 3468 1925 3532 Sed
1958 3470 2104 3533 haec
2131 3472 2451 3555 impedire

249 3590 376 3635 non
401 3575 703 3653 potuere,
733 3590 863 3654 quo
895 3573 1104 3635 minus
1135 3591 1178 3633 a
1221 3570 1458 3633 Tacito
1511 3576 1608 3648 (at
1642 3578 1893 3655 quanto
1936 3574 2077 3637 viro
2098 3573 2149 3658 !)
2193 3580 2214 3609 ‘
2236 3596 2449 3642 rerum

249 3671 703 3737 Romanarum
761 3674 1261 3737 florentissimus
1321 3674 1567 3739 auctor’
1640 3676 1755 3739 lib.
1819 3693 1931 3740 111.
2001 3676 2447 3743 Historiarum

249 3774 590 3839 diceretur.
656 3775 895 3837 -Immo
929 3776 1134 3857 juxta
1180 3774 1553 3839 Martialem
1599 3778 1715 3840 lib.
1748 3795 1907 3844 XIV.
1954 3782 1973 3811 ‘
1998 3777 2275 3865 Crispus
2305 3778 2449 3843 Ro-

247 3894 446 3939 mana
488 3877 737 3960 primus
785 3877 854 3938 in
899 3874 1228 3939 Historia’
1278 3884 1397 3939 est.
1484 3877 1856 3959 Augustino
1895 3898 2159 3965 quoque
2206 3881 2319 3943 lib.
2364 3878 2448 3944 de

247 3976 412 4040 Vita
439 3980 638 4043 beata
664 3984 938 4041 vocatur
985 3981 1004 4010 ‘
1025 3977 1457 4041 electissimus
1498 3986 1809 4061 pensator
1834 3976 2226 4045 verborum.³
2312 3980 2447 4047 Im-

243 4098 354 4144 mo
400 4078 626 4145 Graeci
671 4080 806 4163 ipsi
849 4079 996 4163 ejus
1047 4078 1387 4143 Historias
1439 4083 1605 4145 tanti
1654 4082 1891 4159 fecere,
1918 4087 1994 4145 ut
2036 4100 2155 4149 eas
2182 4086 2449 4156 verterit
